2892 3840
421 390 521 435 352

462 522 499 544 v.
536 513 615 544 158.
671 510 749 543 Non
782 511 818 541 in
851 514 887 540 se
920 507 1043 547 Fatis,
1083 513 1151 537 non
1181 503 1259 543 jam
1294 504 1510 536 caelestibus.

772 556 854 586 ullis
1139 577 1147 582 ,
1323 556 1327 565 ’

510 601 726 634 Arbitrium.-
777 607 904 632 mecum
936 597 1008 627 ista
1034 596 1150 638 ferm]
1204 594 1308 625 Recte
1341 593 1425 626 haec
1453 591 1507 623 in-

422 651 654 690 terpretantur
676 646 854 678 Gevartius
886 642 995 673 Elect.
1020 642 1082 682 ΙΙΙ,
1105 642 1139 671 9.
1169 641 1204 670 et
1227 639 1395 671 Barthius.
1421 640 1507 670 Sen-

420 705 480 728 sus
502 697 587 727 sent:
633 694 726 726 nuila
756 693 841 722 Fata
872 688 1009 728 invida,
1050 686 1134 718 nulli
1162 685 1242 727 Dii,
1286 686 1426 725 posthac
1444 684 1506 716 tibi

419 742 613 775 nocebunt:
657 738 850 770 consumtae
885 734 974 765 enim
1013 734 1047 762 et
1075 733 1260 763 exhaustae
1286 735 1365 763 sunt
1389 741 1506 762 eorum

423 789 514 820 vires
539 786 630 830 yhac
653 779 747 814 tanta
774 782 874 821 plaga
896 789 995 819 quam
1018 777 1080 809 tibi
1108 787 1168 818 per
1198 778 1371 810 interitum
1396 786 1507 808 meum

419 833 628 867 intulerunt:
670 830 744 868 Ego
781 826 894 859 omnia
929 825 1114 857 infortunia
1138 829 1195 856 tua
1219 833 1346 854 mecum
1373 825 1506 855 aufero.

419 879 528 914 Simili
569 882 669 906 sensu
709 873 939 910 quintilianus
975 873 1129 902 Prooem.
1168 870 1223 901 lii».
1256 872 1312 901 vi.
1338 869 1393 901 ubi
1418 878 1509 900 mor-

421 929 485 958 tem
511 922 568 953 h'iii
596 921 716 963 deflet,
756 923 790 952 et
819 920 860 950 de
887 919 1041 950 Fortuna
1070 917 1117 949 ita
1144 915 1314 955 loquitur:
1365 916 1435 946 Sed
1453 916 1511 946 vel

417 975 563 1012 propter
594 967 661 998 hoc
701 975 763 998 nos
796 966 1040 997 contumacius
1071 965 1270 1003 erigamus,
1296 962 1386 1002 quod
1409 962 1506 992 illam

420 1012 637 1059 (Fortunam)
666 1019 707 1045 ut
733 1013 899 1056 perferre
927 1011 1024 1042 nobis
1047 1007 1191 1047 difficile
1211 1013 1292 1048 est,
1314 1010 1367 1040 itu
1385 1008 1506 1050 facile

415 1067 648 1094 «contemnere.
702 1057 797 1090 Nihil
840 1056 930 1088 enim
965 1055 1026 1088 sibi
1059 1056 1222 1086 adversus
1259 1063 1313 1085 me
1343 1053 1505 1092 reliquit3

421 1113 454 1140 et
485 1106 661 1150 infelicem
691 1105 843 1147 quidem,
888 1103 950 1134 sed
984 1103 1215 1134 certissimam
1240 1104 1356 1131 tamen
1381 1101 1510 1133 attulit

420 1154 505 1186 mem
538 1161 584 1183 ex
618 1150 673 1182 lais
692 1151 819 1188 malis,
852 1147 1081 1180 securitatem.
1130 1149 1181 1178 Ita
1209 1149 1340 1178 Seneca
1367 1146 1505 1178 consol.

418 1200 463 1232 ad
495 1199 593 1229 Helv.
628 1206 663 1230 c.
687 1197 778 1228 XVI.
804 1196 899 1235 optat
922 1197 959 1225 ut
984 1193 1096 1225 omnia
1120 1194 1280 1224 Fatorum
1311 1192 1379 1223 tela
1405 1193 1441 1223 in
1469 1201 1505 1223 se

420 1246 683 1278 consumantur:
730 1243 772 1273 In
808 1252 859 1273 me
889 1243 998 1272 omnis
1033 1240 1202 1271 Fatorum
1227 1239 1416 1270 crudelitas
1436 1239 1507 1270 lm-

420 1298 503 1324 sata
528 1291 727 1322 consistat:
751 1289 911 1330 quicquid
932 1288 1043 1318 matri
1067 1286 1245 1316 dolendum
1265 1286 1362 1327 suit,
1386 1286 1423 1315 in
1454 1294 1507 1316 me

416 1339 605 1370 transierit
617 1345 632 1375 ;
655 1336 825 1376 quicquid
845 1337 987 1375 avitae,
1013 1334 1049 1363 in
1074 1341 1135 1362 me.
1151 1330 1287 1371 floreat
1308 1331 1445 1371 reliqua
1468 1332 1506 1361 in

419 1396 481 1416 sno
519 1387 619 1416 stam
655 1382 780 1421 turba,
818 1381 907 1411 nihil
927 1381 967 1410 de
994 1379 1164 1418 orbitate,
1211 1377 1305 1408 nihil
1325 1378 1366 1407 de
1393 1377 1508 1407 condi-

419 1436 512 1463 tione
546 1438 622 1460 mea
658 1435 797 1469 querar.
827 1428 963 1469 fae-rim
996 1429 1132 1456 tantum
1161 1423 1254 1455 niltil
1276 1423 1424 1462 amplius
1448 1423 1509 1453 do-

420 1479 551 1510 liturae
580 1476 696 1505 domus
726 1475 950 1513 piamentum.
1006 1470 1090 1502 Vide
1126 1469 1211 1501 Vell.
1242 1470 1456 1500 Paterculum
1477 1470 1505 1510 1,

425 1528 480 1557 10.
505 1522 547 1552 de
570 1519 675 1551 Lucio
703 1519 820 1550 Paulo.

467 1572 517 1608 [v.
557 1567 634 1597 174.
689 1574 751 1604 pro
787 1564 934 1594 obversa
966 1561 1051 1590 Ven.
1091 1560 1225 1590 obtusa.
1259 1560 1342 1589 Mox
1368 1567 1398 1588 v.
1426 1560 1503 1589 181.

419 1625 483 1656 pro
505 1617 650 1644 moestos
673 1613 758 1642 Ven.
782 1610 891 1640 noctis
905 1617 917 1637 :
941 1615 1059 1636 verum
1082 1607 1133 1635 est
1158 1607 1292 1635 moesti.
1318 1605 1375 1634 Ex
1393 1606 1505 1644 Ana]

469 1671 502 1693 v.
533 1660 611 1689 187.
835 1653 1046 1692 Geniumque
1068 1655 1242 1690 potentem

510 1702 719 1743 Irrequietus
742 1702 853 1739 amm]
902 1698 1041 1729 Ovidius
1066 1697 1166 1727 Trist.
1193 1697 1236 1735 II,
1263 1695 1340 1726 541.

514 1751 745 1789 Carminaque
766 1746 959 1783 edideram,
997 1753 1072 1774 cum
1099 1747 1131 1773 te
1154 1742 1282 1771 delicta
1306 1743 1483 1771 notantem

556 1794 738 1826 Praeterii
756 1793 856 1822 toties
878 1788 1088 1827 inrequietus
1114 1787 1256 1826 Eques:

421 1843 475 1874 ubi
516 1851 578 1881 pro
607 1840 818 1879 inrequietus
852 1834 1009 1866 Heinsius
1044 1842 1089 1864 ex
1123 1832 1232 1862 tribus
1265 1829 1362 1862 libris
1399 1829 1506 1862 edidit

414 1891 497 1927 jare
523 1890 682 1928 quietus.-
716 1885 750 1914 et
776 1883 824 1914 ita
848 1882 912 1913 hoc
935 1880 1033 1911 Statii
1059 1880 1136 1910 loco
1163 1877 1265 1909 scribi
1289 1875 1417 1916 voluit,
1449 1885 1507 1907 re-

417 1937 549 1968 ferente
587 1933 799 1967 Burmann03
847 1927 936 1959 Jure
972 1928 1106 1968 quietus
1134 1933 1227 1954 ama.
1275 1923 1340 1954 Sed
1369 1922 1507 1954 diversa

417 1982 505 2013 ratio
550 1981 601 2009 est
643 1978 762 2008 horum
804 1974 969 2006 locorum.
1002 1972 1082 2003 licet
1114 1970 1203 2000 enim
1235 1969 1375 2001 Ovidius
1411 1971 1506 2000 recte

418 2027 484 2059 dici
517 2024 666 2064 potuerit
701 2024 883 2054 Censorem
920 2027 1034 2058 JURE,
1084 2017 1146 2048 hoc
1173 2019 1246 2057 est,
1286 2017 1407 2046 merito
1432 2025 1507 2052 suo,

419 2077 454 2105 et
483 2071 609 2103 nullius
639 2077 751 2101 noxae
776 2066 952 2107 conscius,
986 2065 1219 2104 praeteriisse
1254 2069 1434 2102 QUIETUS,
1472 2063 1507 2092 et

421 2123 497 2153 sine
516 2123 601 2149 nota
629 2116 825 2152 Censoria5
861 2122 936 2145 cum
959 2113 1072 2142 tamen
1096 2119 1164 2140 non
1189 2109 1230 2139 de
1261 2109 1510 2139 Transvectio-

420 2178 463 2198 ne
493 2167 612 2203 agatur
644 2163 707 2193 hoc
743 2159 841 2192 Statii
871 2159 969 2198 loco,
1007 2157 1113 2188 verba
1146 2155 1210 2186 ista
1244 2154 1334 2185 Jure
1367 2156 1507 2195 quietus

418 2222 501 2245 ,ama
528 2210 567 2240 ad
593 2210 680 2239 hunc
704 2215 839 2238 sensum
864 2203 950 2236 trahi
977 2212 1045 2234 non
1073 2202 1221 2242 debent,
1263 2210 1327 2231 nec
1348 2202 1506 2239 possunt:

421 2264 456 2290 et
491 2264 689 2295 quocunque
724 2261 824 2283 sensu
857 2248 1035 2290 sumseris,
1078 2247 1166 2279 istud
1204 2247 1294 2278 Jure
1327 2246 1392 2278 erit
1413 2247 1508 2289 frigi-

418 2303 602 2336 dissimum.
648 2303 772 2331 Verum
807 2299 858 2328 est
882 2298 1120 2335 Irreqnietus,
1162 2294 1196 2323 et
1222 2293 1347 2332 optime
1375 2292 1509 2324 defendi

421 2356 458 2383 et
488 2346 654 2387 explicari
687 2345 799 2384 potest
829 2352 873 2373 ex
907 2343 985 2373 loco
1020 2341 1095 2375 Silii
1127 2340 1236 2371 Italici
1272 2341 1333 2380 111,
1361 2341 1439 2372 350.
1467 2340 1509 2371 de

417 2394 553 2429 feminis
577 2391 761 2424 Callaecis:

513 2443 636 2471 Cetera
654 2439 828 2481 femineus
849 2435 996 2475 peragit
1017 2433 1137 2465 labor:
1166 2431 1294 2462 addere
1318 2431 1415 2463 snlco

511 2487 674 2524 Semina,
699 2489 734 2515 et
753 2485 921 2522 impresso
945 2480 1102 2510 tellurem
1125 2484 1260 2509 vertere
1278 2483 1415 2518 aratro,

512 2533 624 2573 Segne
656 2532 756 2562 viris.
784 2527 945 2568 quicquid
967 2527 1052 2556 duro
1077 2527 1152 2556 sine
1180 2524 1298 2555 Marte
1317 2524 1507 2565 gerendum

510 2580 664 2610 Callaici
689 2575 819 2614 conjux
847 2575 918 2604 obit
943 2579 1169 2608 IRREQUOETA
1195 2572 1341 2601 mariti.-

419 2627 482 2657 hoc
507 2629 559 2656 est
581 2626 762 2655 industria
789 2622 823 2651 et
850 2625 1043 2659 satagens,·
1077 2625 1178 2648 sensu
1205 2618 1305 2647 bono.
1330 2625 1394 2647 nec
1421 2623 1507 2654 opus

422 2674 528 2703 estut
556 2670 713 2708 exempla
740 2669 838 2707 plura
865 2673 1077 2705 quaeramus.
1126 2665 1190 2694 Per
1218 2663 1362 2693 Genium
1383 2667 1510 2700 poten-

419 2724 487 2750 tem
520 2717 671 2756 intellige
706 2716 969 2753 Imperatorem.
1027 2712 1136 2741 Parm.
1166 2711 1420 2750 geminumque,
1445 2716 1507 2746 pro

418 2766 632 2806 geniumque.

466 2819 499 2842 v.
526 2813 603 2841 188.
741 2804 832 2846 qnod
854 2804 952 2841 cupis
976 2801 1051 2840 ipse
1075 2801 1229 2838 mosum]
1277 2799 1411 2830 Dudum
1435 2807 1510 2829 mo-

421 2859 570 2888 nuerunt
607 2852 673 2884 viri
700 2850 823 2882 eruditi
851 2858 912 2887 pro
944 2853 1071 2877 vlosm
1098 2844 1328 2884 reponendum
1359 2853 1434 2875 esse
1452 2852 1510 2874 Ju-

421 2911 518 2935 uEm.
575 2901 697 2933 Recte:
743 2901 776 2928 et
814 2895 878 2926 hoc
904 2893 1095 2933 postulabat
1122 2900 1265 2931 sensus,
1310 2893 1344 2922 et
1371 2890 1509 2921 minima

422 2949 585 2986 mutatio,
631 2948 665 2976 et
696 2943 887 2983 proprietas
920 2939 1016 2970 verbi
1050 2937 1192 2979 jubere,
1236 2946 1322 2976 quae
1358 2939 1410 2967 est
1441 2947 1510 2967 mo-

423 2998 602 3035 rientium,
645 2994 679 3023 et
713 2992 858 3022 ultimae
882 2986 1072 3017 voluntatis
1104 2993 1193 3016 vox:
1227 2983 1318 3014 unde
1338 2983 1446 3022 jussa
1474 2984 1507 3013 et

425 3043 593 3072 mandata
628 3036 751 3077 passim
785 3036 942 3067 dicuntur
967 3041 1008 3063 ea
1029 3039 1116 3070 quae
1142 3039 1299 3069 supremo
1329 3032 1509 3061 testamen-

423 3089 459 3117 to
497 3086 568 3118 fleri
600 3084 782 3116 voluerunt
819 3078 982 3111 defuncti.
1042 3077 1221 3108 contrario
1260 3076 1360 3109 modo
1385 3076 1419 3107 in
1446 3076 1509 3106 hac

426 3140 507 3162 voce
538 3133 711 3170 peccatum
745 3131 796 3159 est
830 3126 927 3158 ovid.
956 3126 1060 3155 Amor
1092 3126 1116 3162 1,
1147 3127 1199 3155 ll.
1226 3132 1259 3154 v.
1289 3125 1341 3155 19.
1367 3123 1423 3153 ubi
1450 3132 1510 3162 pro

425 3179 601 3207 rescribat
623 3177 734 3206 nauita
758 3181 894 3205 Juns'ro
913 3195 923 3214 ‚
961 3171 1137 3210 legendum
1168 3177 1300 3200 vmss'ro
1329 3170 1417 3208 quod
1442 3170 1509 3207 jam

424 3222 640 3263 reprehendo
665 3220 840 3251 Heinsium
863 3227 1063 3258 occupasse.
1112 3218 1191 3254 [Pro
1218 3217 1329 3248 videri
1350 3219 1433 3248 Ven-
1453 3216 1514 3255 ju·

1251 377 1446 427 NOTAE
1481 390 1551 426 An
1578 379 1685 426 Lm.
1719 379 1777 427 V.
1807 384 1853 427 1.

2379 404 2409 452 y
2424 399 2502 440 251
2534 409 2561 453 y
2574 397 2665 443 252¹

1571 504 1672 537 ieri:
1696 505 1800 536 recte.
1848 502 1980 536 Deinde
2002 513 2067 544 ‘pro
2089 505 2149 536 Da
2182 507 2409 553 Capitamj
2431 513 2517 544 ven.
2542 513 2640 548 Psi-m

1573 551 1670 582 Rom.
1700 550 1753 581 De
1781 551 2009 590 Capitolinis:
2033 552 2124 583 fon-te
2135 572 2147 588 ‚
2170 552 2246 584 Des
2270 550 2493 602 &Q
2514 560 2554 589 et
2574 536 2655 590 moy}

1574 598 1711 638 signes,
1747 605 1817 627 non
1841 598 1954 638 signet
1979 605 2053 628 cum
2079 597 2239 636 vulgatis.
2285 600 2564 644 cupis‘qnidem,
2598 605 2655 636 in-

1570 642 1648 682 quit
1674 641 1846 683 Priscilla,
1873 641 1995 681 juberi
2013 643 2099 681 hoc3
2133 652 2197 682 ego
2221 652 2306 676 vero
2328 654 2428 688 rogo,
2458 656 2548 691 mss,
2584 660 2655 682 non

1573 689 1714 768 ἓηρῗο.
1775 690 1841 720 Pro
1878 693 2022 720 centeno
2049 690 2206 729 pondere
2235 691 2353 723 eadem
2373 692 2460 726 vnn.
2485 701 2656 729 contento.

1605 743 1629 766 x
1677 736 1760 773 om]

1621 790 1653 811 v.
1684 781 1760 811 190.
1809 780 1885 819 Quo
1909 786 2048 811 uiri-:Ar
2075 782 2178 812 sacri
2200 786 2342 814 centeno
2362 784 2516 822 pondere
2536 786 2655 820 vultus

1669 827 1857 866 Faesaris,
1889 831 1925 858 et
1938 827 2109 866 propriae
2136 834 2270 859 smum·
2296 828 2453 861 cultricis
2476 834 2656 874 amonem]

1575 873 1685 910 Supra
1718 871 1759 902 ad
1793 873 1851 908 lv,
1886 873 1920 903 2.
1955 880 1986 903 v.
2018 872 2074 903 54.
2109 872 2289 912 legendum
2321 874 2437 906 monui
2472 883 2658 910 NszAn‘r:

1573 918 1698 957 quippe
1736 926 1805 949 vox
1842 918 1943 948 sacri
1970 926 2041 948 non
2073 917 2114 948 ad
2145 920 2333 961 Caesaris,
2374 922 2437 953 sed
2461 922 2659 957 valeatne.-

1574 963 1715 995 ferenda
1739 966 1808 994 est:
1839 964 1940 994 sacri
1963 965 2080 995 vulcus
2105 965 2263 997 >Caesaris
2289 968 2423 998 niteant
2436 975 2453 1006 ‚-
2486 977 2557 1000 uon
2583 969 2659 1007 vulp

1574 1012 1629 1041 tus
1656 1011 1756 1042 sacri
1780 1010 1945 1040 Caesaris
1971 1012 2098 1042 niteat.
2125 1010 2202 1042 vide
2229 1012 2385 1051 exempla
2410 1022 2495 1052 quae
2519 1013 2563 1047 ibi
2579 1023 2659 1054 pro·

1574 1055 1648 1087 tuli.
1698 1057 1749 1086 Ita
1786 1055 1847 1086 hac
1870 1055 1999 1095 Ecloga
2023 1065 2055 1087 v.
2082 1058 2159 1087 111.
2185 1057 2358 1090 Sacratae
2379 1060 2485 1098 pedes
2511 1061 2658 1100 Domini,

1573 1111 1643 1134 nou
1679 1101 1783 1142 pedes
1820 1102 1969 1134 Sacrati
2000 1102 2152 1133 Domini.
2179 1103 2268 1134 infra
2297 1113 2330 1136 v.
2355 1105 2435 1136 234.
2459 1107 2576 1139 vultus
2599 1108 2659 1141 da-

1575 1158 1687 1181 coros.
1736 1147 1888 1178 Sanctos
1923 1147 2041 1179 vultus
2077 1148 2166 1187 apud
2192 1151 2311 1180 Autor.
2335 1150 2496 1182 Octaviae
2519 1162 2554 1184 v.
2581 1153 2659 1186 840.

1574 1195 1639 1228 Sed
1675 1195 1709 1224 et
1745 1194 1773 1224 si
1809 1193 1958 1225 retineas
1991 1195 2106 1225 niteat
2134 1203 2204 1225 non
2237 1195 2310 1226 fieri
2349 1199 2459 1235 potest
2481 1200 2519 1229 ut
2545 1200 2660 1241 signet

1574 1243 1667 1273 recte
1699 1248 1735 1269 se
1772 1239 1913 1271 habeat:
1955 1237 2033 1270 vide
2063 1238 2154 1271 enirn
2181 1243 2486 1275 constructionem:
2510 1244 2570 1276 Da
2595 1255 2660 1276 au-

1574 1297 1651 1318 rum
1685 1292 1756 1321 Quo
1800 1285 1919 1316 vultus
1944 1286 2111 1317 Caesaris
2136 1294 2275 1319 ΝιΤεΑΤ
2298 1293 2334 1320 et
2353 1296 2485 1321 smus-r
2508 1300 2660 1322 amorem

1576 1333 1763 1365 cultricis.-
1789 1330 1885 1362 deest
1911 1330 2061 1372 aliquid,
2095 1330 2223 1363 dixisse
2247 1333 2335 1364 enim
2360 1335 2475 1367 debuit
2498 1336 2564 1368 hoe
2587 1346 2660 1368 mo·

1575 1380 1641 1419 (10,
1694 1377 1755 1407 Da
1790 1386 1917 1407 aurum
1955 1385 2026 1413 Quo
2063 1378 2181 1410 vultus
2219 1380 2384 1412 Caesaris
2421 1389 2583 1422 uirtAT,
2624 1388 2660 1415 et

1576 1433 1674 1462 quon
1711 1424 1823 1463 signet
1845 1432 1993 1454 amorem
2007 1433 2020 1455 .-
2068 1423 2168 1456 aliter
2190 1424 2279 1456 enim
2304 1435 2424 1459 manca
2446 1431 2498 1460 ent
2523 1432 2660 1462 senteu-

1575 1473 1635 1504 tia.
1680 1468 1834 1509 Scripsit,

1667 1516 1742 1553 Quo
1771 1521 1935 1546 sirum·
1961 1515 2065 1545 sacri
2086 1519 2230 1546 centeno
2249 1517 2406 1557 pondere
2427 1517 2545 1550 vultus
2630 1536 2650 1554 ι.

1668 1562 1859 1601 Caesar-iu
1884 1565 1920 1591 et
1935 1562 2110 1599 propriae
2134 1568 2238 1592 sic-NA
2265 1563 2428 1596 cultricis
2452 1573 2612 1595 amorem.

1575 1615 1624 1638 DA
1652 1615 1777 1637 aarum
1804 1611 1841 1637 et
1865 1612 1974 1636 smus
1999 1614 2169 1646 amorem,
2204 1607 2239 1637 id
2267 1610 2338 1645 est,
2362 1609 2398 1639 in
2432 1609 2503 1640 basi
2526 1611 2657 1640 statuae

1574 1652 1778 1684 mentionem
1814 1652 1865 1682 sac
1889 1649 2013 1682 amoris
2039 1650 2106 1681 mei
2133 1661 2213 1691 erga
2239 1653 2440 1686 Caesarem:
2479 1655 2543 1686 hoc
2566 1655 2655 1687 enim

1575 1701 1627 1731 est
1650 1700 1803 1738 signare.
1849 1696 1991 1727 Ovidius
2019 1698 2101 1728 Met.
2125 1699 2168 1736 11,
2199 1699 2277 1730 325.
2304 1700 2346 1730 de
2370 1700 2588 1742 Phaethonte,

1667 1744 1797 1774 Naides
1822 1742 2018 1781 Hesperiae
2043 1740 2169 1781 trifida
2186 1745 2371 1786 fumantia
2385 1745 2537 1786 flamma

1669 1791 1825 1828 Corpora
1857 1788 1945 1818 daut
1973 1787 2125 1829 tumulo,
2167 1795 2392 1831 smxAN’rque
2414 1792 2480 1824 hoc
2505 1793 2657 1824 carmine

1797 1841 1951 1872 πωπω,-

1666 1880 1733 1912 Ηιο
1758 1886 1862 1910 srrus
1886 1886 1953 1910 nsi·
1978 1877 2205 1919 Pane-mos,
2230 1881 2295 1912 etc.

1573 1927 1673 1957 Hune
1714 1934 1798 1957 vero
1844 1924 1944 1956 Statii
1978 1923 2091 1954 locum
2125 1925 2261 1965 egregie
2293 1925 2441 1958 illustrat
2473 1928 2658 1961 Suetonius

1574 1971 1759 2004 Domitian.
1791 1980 1821 2002 c.
1857 1972 1910 2003 13.
1945 1971 2080 2002 Statuas
2114 1973 2184 2003 sibi
2215 1971 2252 2003 iu
2287 1973 2455 2011 Capitolio
2482 1984 2560 2006 vnon
2584 1977 2661 2006 nisi

1575 2027 1697 2050 aureas
1721 2024 1758 2050 et
1780 2022 1967 2058 argenteas
1992 2018 2080 2056 poni
2093 2019 2276 2059 permisit,
2305 2029 2350 2051 ac
2375 2019 2536 2059 ponderis
2561 2021 2656 2053 certi.

1575 2067 1670 2105 Mox,
1700 2071 1733 2095 v,
1769 2064 1847 2095 193.
1885 2072 1949 2102 pro
1982 2063 2153 2094 adrnittar
2182 2072 2231 2095 An
2254 2073 2338 2097 oras
2365 2066 2475 2098 parm.
2498 2073 2537 2098 lu
2561 2075 2658 2108 oras,

1577 2111 1667 2151 quod
1701 2118 1819 2141 verum
1855 2110 1928 2148 est,
1968 2110 2002 2138 et
2029 2109 2104 2148 plus
2129 2107 2228 2149 quam
2251 2119 2301 2142 Au
2324 2120 2433 2143 oras:
2473 2112 2660 2144 admittitur

1578 2157 1666 2188 enim
1691 2164 1741 2187 AD
1763 2164 1846 2186 oras
1872 2154 1928 2194 qui
1954 2158 2063 2185 extra
2086 2157 2138 2186 est
2164 2158 2198 2188 et
2222 2157 2263 2188 ad
2286 2156 2390 2188 limen
2413 2160 2498 2191 stat:
2541 2159 2661 2191 admit-

1577 2204 1660 2235 titur
1686 2211 1723 2233 ix
1748 2211 1832 2234 oras
1853 2211 1923 2233 non
1951 2200 2015 2231 nisi
2042 2200 2097 2240 qui
2124 2204 2257 2234 intrat.-
2302 2205 2390 2243 quod
2416 2204 2479 2236 hoc
2502 2205 2579 2238 loco
2601 2215 2661 2237 vo-

1576 2250 1640 2281 luit
1671 2248 1810 2280 Statius.
1865 2247 2031 2286 Exempla
2064 2246 2196 2287 ubique.
2253 2250 2305 2280 De
2336 2251 2522 2283 mutatione
2553 2260 2592 2284 m
2625 2253 2659 2283 et

1577 2305 1628 2328 An
1652 2295 1728 2326 vide
1755 2293 1930 2325 Heinsium
1953 2294 1995 2324 ad
2021 2292 2118 2324 Ovid.
2143 2294 2280 2326 l-leroid.
2306 2297 2366 2338 111,
2395 2297 2471 2329 136.

1623 2352 1657 2373 v.
1680 2342 1761 2372 201.
1900 2347 2114 2377 mensumque
2141 2342 2177 2371 in
2206 2343 2308 2373 corde
2333 2343 2480 2374 dolorem

1673 2387 1809 2418 Saevus
1843 2388 1961 2426 Amr]
2029 2384 2194 2424 Loquitur
2235 2387 2289 2418 hic
2333 2387 2460 2420 Statius
2492 2380 2661 2432 deflata

1575 2433 1688 2473 specie
1716 2430 1842 2464 doloris
1869 2441 1954 2470 quae
1982 2440 2043 2470 per
2065 2432 2240 2464 silentium
2263 2433 2450 2466 indicatur:
2482 2433 2660 2474 patetlnoc

1576 2490 1621 2512 ex
1647 2480 1760 2512 verbis
1785 2488 1843 2509 ore
1867 2479 1995 2520 ligato,
2021 2479 2056 2507 et
2082 2486 2126 2507 ex
2154 2480 2407 2519 comparatione
2427 2480 2578 2520 Orpheos
2601 2480 2658 2520 qui

1576 2529 1691 2568 segnis
1738 2531 1944 2557 onsrururr
1989 2525 2192 2563 tristemque
2230 2535 2349 2566 rogum
2379 2533 2464 2558 sim:
2499 2533 2661 2558 mamm-2

1567 2572 1683 2614 flevit.
1733 2575 1859 2605 Sensus
1890 2570 1992 2610 igitur
2014 2569 2076 2600 hoc
2104 2571 2274 2611 postulat,
2298 2572 2356 2602 sed
2385 2573 2491 2604 verba
2519 2581 2588 2604 uon
2610 2573 2659 2603 ef-

1576 2620 1711 2650 ficiunt:
1762 2614 1890 2656 quisvis
1924 2615 2034 2654 enim,
2091 2615 2191 2647 etiam
2222 2618 2516 2658 clamo-sissimus,
2557 2629 2660 2660 agere

1577 2667 1689 2705 potest
1724 2664 1873 2695 dolorem
1910 2669 2057 2692 mersum
2084 2661 2119 2691 in
2149 2665 2272 2694 corde:
2313 2665 2377 2696 hoc
2403 2674 2485 2697 vero
2507 2665 2582 2696 1000
2604 2674 2658 2696 re-

1576 2711 1721 2750 quiritur
1744 2713 1871 2740 nmine.
1920 2709 2010 2746 Lege
2033 2706 2149 2748 igitur,

1794 2761 1988 2792 murumque
2011 2754 2046 2783 in
2074 2755 2174 2785 corde
2199 2755 2359 2786 dolorem.

1577 2801 1720 2834 Ovidius
1744 2802 1816 2832 Art.
1841 2801 1915 2831 Am:
1940 2801 2000 2839 ΙΙΙ,
2026 2799 2106 2829 701.

1666 2848 1815 2878 Procris
1835 2851 1876 2877 ut
1900 2845 2039 2885 accepit
2063 2853 2182 2874 nomen
2195 2865 2205 2885 ,
2227 2845 2334 2884 qnasi
2350 2844 2506 2894 pellicis,
2526 2845 2654 2887 Aurae,

1714 2893 1877 2932 Excidit,
1902 2897 1934 2923 et
1960 2892 2070 2922 subito
2094 2897 2195 2921 ΜυΤΑ
2221 2890 2340 2921 dolore
2356 2893 2457 2933 fuit:
2499 2905 2502 2908 ⁴

1577 2942 1716 2972 Metam.
1741 2939 1835 2979 XIII,
1860 2938 1940 2969 538.
1965 2938 2006 2968 de
2033 2937 2183 2977 Hecuba,
2539 2965 2542 2969 ,

1673 2986 1824 3016 Troades
1850 2986 2077 3015 exclamant:
2098 2989 2285 3014 oauurnrr
2309 2982 2373 3013 illa
2397 2981 2525 3014 dolore.

1577 3033 1703 3064 Noster
1729 3032 1831 3062 Theb.
1856 3031 1917 3071 XI,
1944 3033 2023 3062 632.

1670 3079 1850 3122 Bit-entem
1888 3086 1998 3108 comes
2034 3084 2143 3118 aegra
2172 3074 2285 3114 levae,
2332 3079 2524 3110 nurusque
2546 3076 2658 3101 DOLO·

1800 3130 1874 3153 iti-:n

1673 3171 1763 3209 Ipsa
1785 3170 1922 3208 premit.

1582 3215 1741 3255 Virgilius
1766 3216 1881 3246 Culice
1910 3224 1938 3244 ν.
1963 3215 2041 3244 267.
