2892 3840
944 406 1396 444 slnvnnuu
1463 394 1622 443 Lis.

267 518 370 568 Sed
403 526 514 568 tuas
549 526 682 568 artes
709 533 834 584 puer
861 525 978 567 ante
1008 518 1183 577 discat,

268 606 429 655 Omne
460 607 570 673 quis
596 609 772 656 mundi
807 610 1003 656 senium
1036 622 1296 656 remensus

268 693 394 744 Orsa
419 697 623 745 Sallusti
652 698 845 755 brevis,
873 704 924 743 et
956 696 1156 746 'rimavi

487 786 674 834 Reddis
706 786 975 834 alumnum.

1321 1056 1439 1101 VIII.

482 1187 596 1241 AD
652 1185 979 1242 JULIUM
1036 1186 1670 1244 MENECRATEM
1724 1185 1834 1243 OB
1886 1168 2279 1244 PROLEM‘.

1700 395 1778 442 lv.

262 1390 519 1473 PANDE
550 1423 684 1472 fores
711 1424 983 1489 Superum,
1014 1427 1294 1490 vittataque
1327 1426 1516 1490 templa
1550 1426 1756 1474 Sabaeis

263 1512 490 1561 Nubibus
525 1520 577 1559 et
606 1514 854 1577 pecudum
887 1515 1023 1561 fibris
1055 1515 1359 1578 spirantibus
1398 1516 1552 1579 imple

261 1601 600 1665 Parthenope:
636 1603 755 1651 clari
786 1618 941 1664 genus
973 1619 1085 1650 ecce
1114 1603 1412 1651 Menecratis
1444 1612 1592 1666 auget

263 1690 434 1738 Tertia
454 1692 563 1752 jam
590 1691 811 1739 soboles:
846 1707 1106 1756 procerum
1136 1693 1229 1739 tibi
1256 1693 1424 1739 nobile
1458 1693 1637 1754 'vulgus

263 1778 477 1838 Crescit,
510 1788 562 1827 et
587 1781 752 1828 insani
788 1781 975 1828 solatur
1002 1781 1187 1828 damna
1214 1781 1412 1829 Vesevi.

261 1868 366 1918 Nec
400 1869 561 1916 solum
595 1870 750 1917 festas
783 1877 974 1917 secreta
1001 1868 1236 1932 Neapolis
1267 1885 1379 1917 aras

261 1957 492 2005 Ambiat:
520 1964 573 2004 et
599 1959 721 2005 socii
748 1967 948 2022 portus,
981 1957 1258 2021 dilectaque
1290 1958 1428 2004 mitis

264 2045 420 2094 Terra
444 2047 773 2104 Dicarcheae,
812 2062 905 2093 nec
930 2061 1033 2092 non
1062 2047 1209 2109 plaga
1242 2061 1356 2093 cara
1386 2043 1611 2093 madenti

262 2134 556 2183 Surrentina
583 2136 695 2182 Deo
727 2137 874 2183 sertis
909 2136 1086 2183 altaria
1112 2136 1297 2196 cingat3

262 2224 477 2272 Materni
509 2240 606 2288 qua
631 2225 749 2272 litus
784 2225 892 2282 avi,
928 2238 1075 2288 quem
1105 2223 1251 2271 turba
1281 2229 1523 2286 nepotum

263 2312 477 2371 Circuit,
509 2322 560 2361 et
597 2315 785 2362 similes
818 2312 1076 2360 contendit
1110 2312 1322 2359 reddere
1360 2311 1545 2359 vultus.

262 2402 491 2450 Gaudeat
519 2411 570 2449 et
605 2382 795 2464 Libyca
823 2402 1102 2465 praesignis
1137 2401 1410 2449 avunculus
1447 2400 1615 2454 hasta;

263 2491 496 2556 Quaeque
533 2492 628 2540 sibi
657 2481 850 2553 genitos
885 2497 1054 2552 putat,
1088 2489 1367 2551 attollitque
1396 2487 1612 2549 benigno

260 2581 399 2628 Polla
427 2582 552 2628 sinu.
621 2588 783 2628 macte
820 2595 849 2626 o
883 2578 1114 2641 juvenis,
1150 2578 1234 2639 qui
1271 2583 1412 2624 tanta
1441 2578 1655 2623 merenti

261 2663 476 2718 Lumina
501 2669 591 2717 das
623 2671 830 2733 patriae,
902 2668 1033 2715 dulci
1067 2666 1239 2712 [remit
1274 2681 1386 2712 ecce
1422 2665 1638 2711 tumultu

264 2757 362 2804 Tot
394 2756 608 2804 dominis
639 2757 851 2804 clamata
880 2757 1071 2804 domus.
1140 2755 1312 2821 procul
1346 2761 1457 2801 atra
1489 2752 1691 2800 recedat

262 2845 483 2902 Invidia,
518 2851 666 2908 atque
696 2845 793 2891 alio
821 2846 1031 2894 liventia
1062 2852 1266 2908 pectora
1296 2843 1474 2890 flectat.

261 2934 356 2983 His
393 2935 608 2991 senium,
638 2933 912 2997 longaeque
944 2933 1093 2981 decus
1124 2932 1354 2987 virtutis,
1388 2938 1440 2976 et
1470 2931 1583 2977 alba

264 3023 506 3088 Atropos,
540 3030 591 3069 et
623 3024 814 3084 patrius
846 3022 1010 3069 lauros
1046 3020 1294 3084 promittit
1325 3018 1517 3081 Apollo.

353 3223 392 3252 V.
417 3223 449 3252 8.
474 3221 570 3259 Vulg.
599 3221 810 3250 Dicfflcnm.
861 3223 912 3251 15.
942 3227 1091 3250 rasum.
1142 3219 1194 3248 19.
1219 3222 1399 3247 mmmsrr.

2403 398 2500 446 119

2437 698 2497 741 55

2438 2218 2500 2261 10

2436 2656 2494 2698 15
