2892 3840
986 420 1446 464 ,ειινΔΒυΜ
1511 406 1682 458 Lin.
1752 410 1808 457 V.
1869 472 1872 475 Ι

284 534 458 598 Orgia,
491 533 711 592 Pieriae,
746 547 868 598 quas
897 533 1255 584 incestavimus
1285 533 1429 584 aras'?
1496 562 1498 564 -

283 624 473 672 Dicite:
508 631 625 688 post
651 636 867 685 poenam
902 621 1050 670 liceat
1080 623 1347 671 commissa
1374 623 1535 671 fateri.

281 711 536 776 Numquid
569 712 822 759 inaccesso
854 711 1002 775 posui
1033 712 1249 773 vestigia
1278 711 1417 760 luco‘!

284 798 418 847 Num
452 791 611 848 vetito
642 799 705 847 de
733 799 872 846 fonte
900 798 1034 847 bibi?
1069 813 1196 865 quae
1228 799 1404 864 culpa?
1436 801 1546 864 quis
1580 815 1731 858 error,

284 886 444 946 Quem
471 888 654 938 luimus
687 889 841 936 tantis
875 887 1214 935 moeroribus'.l
1248 904 1359 935 ecce
1396 888 1595 936 lacertis

282 977 485 1025 Viscera
513 984 686 1024 nostra
713 984 888 1024 tenens
924 977 1269 1039 animamque,
1304 977 1537 1026 avellitur
1564 978 1755 1036 infans3

280 1065 394 1113 Non
429 1065 492 1112 de
528 1066 682 1128 stirpe
713 1064 942 1127 quidem,
986 1079 1079 1110 nec
1126 1066 1210 1126 qui
1245 1080 1361 1111 mea
1391 1066 1597 1112 nomina
1631 1067 1786 1113 ferret

285 1155 510 1217 Oraque3
543 1167 646 1198 non
677 1152 871 1199 fueram
905 1152 1121 1213 genitor:
1161 1151 1253 1198 sed
1287 1153 1473 1198 cernite
1500 1153 1664 1210 fletus,

282 1243 615 1304 Liventesque
651 1255 827 1302 genas,
864 1247 916 1286 et
954 1238 1140 1286 credite
1167 1239 1474 1302 planctibus,
1503 1241 1628 1299 orbi,

284 1329 445 1378 Orbus
482 1343 588 1390 ego.
658 1327 768 1376 Huc
801 1335 997 1391 patres,
1040 1335 1092 1374 et
1124 1335 1296 1391 aperto
1325 1336 1527 1392 pectore
1560 1337 1748 1379 matres

230 1451 235 1453 <
284 1417 625 1475 Conveniant,
661 1418 948 1480 cineresque
981 1416 1161 1474 oculis,
1199 1423 1252 1462 et
1283 1431 1494 1466 munera
1523 1420 1662 1466 ferte.

283 1508 338 1557 Si
372 1522 469 1572 qua
504 1506 596 1554 sub
627 1506 861 1555 uberibus
895 1505 1055 1569 plenis
1091 1503 1158 1551 ad
1191 1504 1368 1551 funera
1397 1513 1542 1553 natos

280 1597 394 1661 Ipsa
424 1595 579 1658 gradu
611 1594 809 1642 labente
846 1594 984 1651 tulit,
1014 1591 1370 1657 madidumque
1403 1593 1578 1641 cecidit

280 1685 483 1746 Pectus,
517 1691 570 1731 et
604 1683 837 1731 ardentes
869 1683 1109 1730 restinxit
1138 1683 1264 1730 lacte
1300 1682 1523 1741 favillas;

284 1773 518 1838 Quisquis
554 1773 715 1820 adhuc
746 1779 949 1819 tenerae
985 1772 1235 1833 signatum
1269 1772 1389 1819 flore
1413 1773 1656 1833 juventae

281 1864 532 1911 Immersit
565 1861 718 1908 cineri
745 1861 1012 1921 juvenem,
1047 1861 1306 1924 primaque
1334 1860 1548 1922 jacentis

284 1952 493 2016 Serpere
526 1949 750 1997 crudeles
784 1948 915 1996 vidit
950 1948 1182 2010 lanugine
1216 1950 1459 2006 flammaS,

284 2040 458 2097 Adsit,
492 2046 543 2085 et
578 2039 767 2085 alterno
802 2051 998 2083 mecum
1033 2037 1246 2084 clamore
1280 2038 1502 2085 fatiscat:

285 2128 520 2176 Vincetur
563 2127 805 2184 lacrimiS,
852 2132 903 2172 et
950 2132 1024 2183 te,
1067 2124 1283 2184 Natura,
1323 2126 1545 2191 pudebit.

288 2217 452 2265 Tanta
483 2216 609 2264 mihi
641 2215 839 2272 feritas,
876 2221 1017 2261 tanta
1052 2221 1130 2262 est
1156 2216 1354 2263 insania
1383 2215 1559 2262 luctus.

284 2305 394 2354 Hoc
420 2320 612 2371 quoque
645 2318 758 2352 cum
787 2304 842 2350 in
872 2310 894 2331 ⁹*
923 2309 944 2331 ³*
971 2310 993 2331 *
1028 2310 1105 2350 ter
1137 2303 1267 2356 dena
1300 2305 1407 2351 luce
1441 2309 1642 2366 peracta

286 2395 501 2444 Acclinis
533 2392 749 2449 tumu10,
784 2391 943 2438 luctus
975 2393 1031 2438 in
1065 2393 1285 2440 carmina
1316 2399 1478 2449 verto,

284 2484 649 2546 Discordesque
683 2480 886 2538 modos,
918 2488 970 2527 et
1004 2481 1325 2542 singultantia
1356 2480 1514 2529 verba

286 2572 478 2620 Molior.
550 2587 664 2620 orsa
691 2578 713 2600 ¹²¹
739 2578 761 2599 *⁸
794 2577 816 2598 ¹*
851 2577 951 2616 est:
985 2576 1133 2633 atque
1165 2571 1242 2617 ira
1272 2569 1470 2616 tacendi

289 2660 571 2723 Impatiens.
641 2661 731 2708 sed
764 2674 857 2706 nec
894 2659 1069 2706 solitae
1104 2659 1231 2707 mihi
1261 2660 1449 2708 vertice
1479 2657 1664 2713 laurus,

291 2746 395 2797 Nec
428 2747 580 2794 fronti
610 2750 822 2797 vittatus
851 2748 1023 2795 honos.
1094 2763 1158 2795 en
1191 2756 1346 2797 taxea
1375 2754 1564 2796 marcet

293 2836 432 2885 Silva
467 2837 646 2893 comis,
688 2836 967 2899 hilaresque
1003 2837 1178 2885 ederas
1210 2838 1406 2901 plorata
1441 2836 1702 2900 cupressus

382 3109 422 3140 v.
443 3108 476 3138 9.
500 3109 601 3148 Vulg.
629 3113 821 3143 Axicht.
856 3105 909 3136 14.
933 3105 1036 3136 Forte
1068 3112 1263 3143 eamusque
1288 3113 1405 3138 nocis.
1430 3105 1509 3137 ibid.
1537 3106 1635 3145 vulg.
1660 3112 1831 3139 camum.

296 3162 394 3196 dena.
437 3166 493 3197 27.
518 3168 570 3198 lta
594 3168 689 3199 MSS.
712 3165 809 3204 Vulg.
836 3169 955 3195 nomon
976 3168 1178 3205 Pitonius-r,
1201 3165 1311 3201 atque.

1651 3215 1697 3264 U

2419 415 2515 465 153

2455 1078 2520 1124 10

2458 1517 2519 1562 15

2450 2399 2516 2443 25

2452 2838 2518 2883 30

1882 3106 1938 3138 24.
1961 3106 2010 3136 na
2035 3107 2130 3138 mss.
2154 3106 2250 3146 ναις.
2277 3113 2439 3139 amma
2466 3108 2519 3139 ter
