2892 3840
396 393 498 442 234
689 353 698 359 .
1250 387 1438 436 No'rAE
1465 396 1534 432 AD
1549 383 1658 432 Lm.
1683 382 1740 429 II.
1770 385 1816 430 3.
2524 406 2620 455 999

401 519 476 550 Val.
502 519 643 550 Flaccus
665 518 717 558 V,
741 519 820 549 217.

581 565 772 601 viridesque
791 566 951 602 premunt
972 561 1070 599 longo
1101 559 1219 589 ordine
1247 557 1348 595 ripas.

401 611 466 641 Vel
489 611 596 641 viridi
614 609 776 648 margine.
802 606 929 638 Plinius
956 605 1062 643 Epist.
1090 605 1190 644 VIII,
1217 606 1248 634 8.
1274 603 1315 632 de
1342 599 1481 632 Clitum-

404 665 467 689 no:
495 655 607 695 Ripae
625 656 780 698 fraxino
803 653 932 690 multa,
970 650 1079 681 multa
1100 650 1229 690 populo
1254 649 1481 685 vestiuntur,-

406 710 494 742 quas
516 695 880 740 persp2·cuus'mnm·s,
899 695 995 726 velut
1018 705 1174 732 mersas,
1208 694 1310 726 viridi
1337 691 1481 732 margini

406 749 621 778 adnumerat.
647 746 694 775 ita
719 742 896 781 legendum
920 741 1043 772 alicubi
1067 740 1206 780 monui3
1228 741 1330 779 vulgo
1345 764 1355 779 ,
1381 736 1481 770 viridi

406 794 557 833 imagini.
605 790 765 829 Margine
794 789 893 827 ripae
937 789 1078 826 probum
1113 791 1185 824 est,
1228 788 1267 818 ut
1289 784 1380 825 apud
1403 783 1484 815 Ovi-

409 838 498 869 dium
522 835 660 867 Heroid.
681 837 720 873 V,
747 835 802 864 27.
1121 834 1125 837 “

498 882 644 921 Popule,
686 881 763 910 vive
793 886 945 917 precor,
985 886 1074 917 quae
1099 879 1238 910 consita
1260 875 1413 916 margine
1436 873 1485 905 ri-

625 933 687 964 pae

542 970 620 1000 Hoc
646 972 682 1001 in
706 977 832 1009 rugoso
857 970 990 999 cortice
1015 978 1156 999 carmen
1179 969 1296 1000 habes.

410 1016 454 1047 Et
477 1015 523 1045 ita
545 1017 627 1046 Met.
652 1018 690 1056 1,
729 1015 809 1045 729.
835 1016 868 1045 et
896 1016 944 1054 V,
981 1015 1058 1046 598.
1084 1017 1117 1045 et
1143 1014 1304 1054 Apuleius
1328 1011 1438 1044 Miles.
1461 1011 1488 1041 1.

410 1071 442 1101 p.
471 1063 523 1092 14.
547 1063 581 1092 et
603 1061 695 1092 alibi.
742 1059 851 1090 Aliter
874 1069 943 1090 non
963 1061 1050 1092 male
1074 1062 1188 1100 legere
1213 1068 1350 1100 posses,

685 1105 785 1136 vitrei
808 1108 930 1146 posuit
956 1114 993 1136 se
1021 1109 1177 1148 margine
1200 1107 1284 1138 rivi:

411 1160 512 1182 voces
549 1151 638 1182 enim
671 1154 803 1182 vitreus
827 1155 862 1182 et
888 1154 1030 1190 niveus,
1073 1156 1154 1193 ripa
1177 1155 1211 1184 et.
1237 1155 1335 1183 rivus
1361 1150 1489 1189 pariter

411 1196 446 1227 in
475 1197 643 1228 codicibus
673 1198 932 1229 confunduntur.
955 1197 1059 1229 Silius
1082 1199 1219 1230 Italicus
1243 1201 1308 1238 1v,
1333 1198 1411 1229 534.

503 1243 620 1285 Diome
645 1245 837 1280 procelloso
864 1243 1072 1274 Murranum
1096 1247 1243 1276 miserat
1260 1244 1414 1281 An.z·ur,·

507 1287 658 1318 Tritonis
681 1288 781 1318 niveo
805 1293 838 1319 te
861 1296 988 1328 sacra,
1018 1289 1216 1331 Phalanto,
1242 1290 1446 1331 profundo.-

413 1333 471 1367 ubi
502 1343 564 1373 pro
595 1335 695 1364 niveo
721 1333 880 1364 Heinsius
904 1337 1031 1366 mavult
1056 1335 1210 1374 Libyco.-
1253 1344 1316 1374 ego
1340 1343 1408 1365 non
1432 1334 1494 1364 du-

412 1381 484 1411 bito
517 1378 597 1418 quin
621 1378 723 1409 Silius
750 1378 922 1418 scripserit
947 1382 1074 1412 vitreo.
1121 1381 1248 1411 Plinius
1274 1380 1380 1418 Epist.
1402 1381 1493 1420 VIII,

417 1429 448 1457 8.
472 1425 514 1456 de
538 1425 656 1455 eodem
684 1425 875 1456 Clitumno:
901 1426 1074 1467 flJns--—
1097 1428 1156 1464 qut
1180 1427 1252 1456 lato
1273 1425 1401 1463 gremio
1424 1432 1495 1462 pa-

416 1473 522 1502 tescit
551 1479 664 1509 purus
696 1476 732 1501 et
761 1471 909 1509 vitreus,
953 1476 992 1502 ut
1026 1479 1210 1500 numerare
1239 1469 1363 1507 jactas
1389 1468 1495 1505 stipes

416 1522 453 1547 et
478 1516 669 1546 relucentes
697 1517 851 1546 calculos
876 1517 1006 1554 possis.
1052 1517 1178 1546 Noster
1201 1515 1394 1553 Propempt.
1414 1513 1496 1542 Met.

418 1563 527 1593 Celer.
551 1569 585 1590 v.
610 1562 663 1591 16.

512 1607 651 1646 Surgite
676 1606 716 1636 de
739 1604 855 1636 vitreis
880 1613 1061 1643 spumosae
1086 1604 1240 1635 Doridos
1267 1602 1385 1634 antris.

419 1652 504 1683 Vide
535 1651 710 1683 Heinsium
741 1652 783 1682 ad
808 1650 983 1682 Claudiani
1006 1651 1219 1681 Fescennina
1242 1650 1275 1680 in
1299 1650 1402 1687 Nupt.
1428 1647 1500 1677 Ho-

420 1697 509 1728 norii
542 1699 576 1728 et
598 1697 739 1728 Mariae.
787 1698 838 1727 De
864 1696 1122 1727 commutatione
1147 1695 1210 1728 τοῦ
1236 1697 1317 1734 ripa
1341 1697 1375 1726 et
1403 1696 1500 1724 rivus

421 1743 500 1774 vide
520 1743 707 1774 Bentleium
727 1743 769 1773 ad
788 1742 934 1784 Hoffrat.
961 1744 1068 1772 Carm.
1088 1744 1148 1781 111,
1173 1745 1230 1773 25.
1257 1750 1286 1772 v.
1308 1742 1360 1772 13.
1386 1741 1419 1770 et
1444 1740 1501 1778 lv,

423 1792 456 1821 2.
487 1798 521 1819 v-
557 1790 612 1821 31.
645 1789 734 1819 malo
769 1791 882 1820 tamen
908 1789 1028 1818 viridis
1054 1790 1165 1826 ripae.
1219 1784 1266 1819 Τὸ
1293 1793 1379 1816 ΒῙΡΛ
1406 1786 1504 1815 abso-

422 1836 513 1874 lute,
555 1835 629 1866 sine
654 1834 766 1874 fluvii
798 1835 855 1865 vel
881 1843 1054 1874 aquarum
1076 1832 1270 1869 mentione,
1312 1834 1350 1862 ut
1372 1831 1504 1861 Tibullo

421 1883 475 1921 11,
498 1882 528 1911 5.
556 1882 597 1911 de
624 1881 709 1910 Ilia:

516 1927 790 1964 concubitusque
813 1928 889 1954 tuos
908 1925 1061 1965 fitrtim,
1085 1925 1262 1962 vittasque
1284 1921 1460 1960 jacentes,

559 1972 611 2002 Et
633 1972 750 2011 cupidi
769 1971 817 2001 ad
836 1977 942 2000 RIPAS
967 1979 1069 1999 arma
1091 1970 1217 1999 relicta
1241 1968 1332 1998 Dei.-

423 2017 481 2049 ubi
525 2018 618 2048 nulla
659 2017 715 2047 vel
749 2015 783 2046 in
818 2015 1098 2054 praecedentibus
1134 2015 1188 2044 vel
1227 2011 1505 2052 subsequentibus

424 2073 587 2102 aquarum
612 2062 750 2093 mentio.
796 2063 847 2092 Ita
873 2061 1033 2092 Manilius
1056 2061 1111 2091 lib.
1133 2063 1185 2090 IV.
1215 2063 1312 2090 vocat
1336 2058 1505 2098 Illyricum

423 2111 577 2141 vicinum
609 2116 723 2140 nnus:
758 2108 847 2146 quod
879 2107 1030 2147 Scaliger
1063 2107 1305 2145 interpretatur
1336 2101 1506 2149 Ἰλλυρίδα

423 2156 749 2188 HAPAKTIAN:
771 2156 870 2193 ripae
897 2154 984 2184 enim
1009 2155 1042 2183 et
1066 2153 1107 2183 de
1131 2154 1226 2183 mari
1245 2151 1411 2182 dicuntur.
1448 2150 1506 2180 eo-‘

424 2200 500 2231 dem
524 2201 631 2231 libro:

516 2246 650 2286 Magna
666 2244 770 2284 jacet
789 2245 889 2275 tellus
902 2266 912 2286 ,
933 2245 1067 2285 magnis
1094 2243 1310 2274 circumdata
1332 2240 1418 2280 ripis

516 2292 674 2323 Parthis.

424 2340 469 2370 Et
491 2339 538 2370 ita
563 2338 620 2369 lib.
646 2339 686 2368 V.

518 2385 686 2423 Quisquis
709 2383 778 2412 erit
800 2381 868 2412 tali
892 2382 1035 2420 capiens
1062 2381 1124 2412 sub
1153 2385 1303 2420 tempore
1325 2382 1433 2412 vitam

514 2430 692 2460 Litoribus
712 2434 879 2462 luxusque
905 2436 987 2458 suos
1014 2429 1238 2469 circumferet
1263 2436 1388 2457 annos.

425 2476 534 2506 Versu
569 2476 724 2514 proxime
755 2473 910 2512 sequenti
933 2482 994 2512 pro
1020 2474 1133 2504 credit
1153 2473 1242 2504 ratio
1272 2470 1505 2504 Constructio-

423 2521 479 2553 nis
497 2522 645 2561 postulat
671 2520 814 2551 credens
827 2529 839 2550 .-

514 2567 706 2607 Insequitur
730 2566 834 2596 velox
855 2572 1021 2602 pecorum
1047 2564 1145 2595 Deus
1157 2573 1172 2603 ,·
1195 2568 1227 2594 et
1252 2573 1320 2595 sua
1343 2564 1483 2596 credens

518 2614 715 2651 Connubia‚
741 2613 884 2642 ardenti
895 2610 1046 2648 jamjam
1066 2611 1224 2649 suspiria
1245 2610 1348 2641 librat

515 2659 684 2694 Pectore,
698 2657 778 2695 jam
800 2657 958 2696 praedae
983 2657 1068 2687 levis
1090 2655 1251 2686 imminet.

425 2704 493 2737 Pro
525 2705 615 2735 levis
646 2705 804 2734 imminet
832 2701 1001 2732 Domitius
1032 2703 1128 2732 notat
1153 2700 1384 2731 inemendatos
1411 2700 1510 2732 Codi-

428 2759 485 2781 ces
507 2750 631 2781 habere
658 2757 741 2779 suus
768 2749 915 2778 invenit.
958 2746 1111 2778 Ardenti
1125 2752 1278 2786 pectore,
1303 2745 1374 2776 scil.
1393 2756 1511 2778 amore

428 2790 572 2828 ardenti.
615 2793 777 2834 Apuleius
804 2793 913 2823 Miles.
937 2794 977 2823 V.
1000 2801 1031 2830 p.
1059 2794 1135 2823 109.
1181 2791 1232 2822 At
1254 2792 1340 2829 illa,
1377 2791 1512 2832 Oppor-

430 2847 532 2884 tune,
553 2843 687 2880 inquit,
719 2839 851 2869 ardenti
881 2846 1030 2878 prorsus
1052 2839 1116 2869 isli
1139 2847 1211 2868 meo
1238 2837 1371 2876 pectori
1393 2840 1510 2870 volen-

430 2890 515 2920 tiam
539 2886 673 2918 scilieet
691 2889 964 2924 perpetraturae
988 2886 1123 2915 venitis.
1143 2883 1190 2915 ita
1208 2883 1408 2922 legendum3
1437 2885 1513 2915 vul·

430 2935 472 2972 go
518 2932 631 2972 inepte
677 2931 884 2962 violentiam.
953 2929 1110 2961 Pricaeus
1147 2929 1313 2970 conjecit,
1356 2930 1512 2962 volentia

429 2979 560 3018 pectori
594 2987 691 3010 meo:
738 2976 891 3015 proxime
923 2976 1111 3007 veritatem.
1171 2976 1363 3007 Volentiam
1382 2986 1508 3017 perpe-

430 3029 530 3057 trare
562 3027 616 3056 est
637 3025 767 3067 facere
794 3032 865 3053 rem
886 3027 1036 3062 gratam.
1083 3020 1196 3054 Utitur
1220 3021 1283 3053 hac
1309 3030 1392 3053 voce
1417 3023 1507 3055 Soli-

431 3078 506 3100 nus.
550 3070 635 3101 Vide
657 3067 805 3100 Nonium
828 3068 1036 3099 Marcellum.
1397 3072 1400 3084 ¹

480 3115 528 3151 [v.
556 3117 610 3146 19.
679 3116 821 3146 ardenti
840 3111 992 3153 jamjam
1027 3119 1192 3145 susmmA
1216 3112 1325 3144 librat
1346 3111 1507 3152 Pectore]

432 3157 585 3190 Barthius
616 3160 877 3198 interpretatur,
918 3160 1108 3191 anhelitum
1129 3168 1176 3190 ez·
1203 3168 1309 3190 cursu
1333 3159 1510 3190 vehemen-

434 3208 501 3234 tem
527 3213 739 3243 compescere
760 3207 896 3235 nititur.
932 3207 999 3238 Sed
1024 3205 1087 3237 hoc
1112 3214 1184 3237 non
1210 3205 1346 3237 videtur
1371 3214 1445 3236 esse
1469 3206 1510 3237 Ii-

1549 510 1655 540 brare
1687 508 1865 546 suspiria:
1913 507 1947 538 et
1977 508 2091 547 potius
2127 510 2300 546 videretur
2322 517 2481 556 suspiria
2504 516 2632 556 vibrat,

1548 554 1583 585 id
1608 555 1681 593 est,
1716 555 1864 591 emittit,
1889 556 1926 584 ut
1949 555 2039 593 apud
2063 556 2216 590 Gratium
2239 562 2400 601 cyneget.
2422 570 2455 592 v.
2489 563 2566 594 388.
2589 562 2631 591 de

1551 609 1636 631 cane
1658 599 1797 630 rabido:
2391 600 2393 602 '
2486 621 2489 623 ,

1640 644 1795 676 Aestivis
1815 643 1953 675 vibrans
1981 650 2150 678 accensos
2171 649 2332 690 febribus
2359 650 2472 690 ignes:

1551 690 1599 722 ita
1626 691 1827 730 legendum3
1876 690 1979 729 vulgo
2014 691 2186 735 Aestivos,
2213 696 2247 725 et
2269 699 2437 728 accensis.
2481 697 2632 728 Pruden-

1552 737 1618 767 tius
1642 738 1824 775 Apotheos.
1851 744 1883 766 v.
1909 737 1965 766 49.

1642 781 1723 814 Hoc
1746 784 1888 814 Verbum
1907 787 1963 813 est
1976 784 2066 822 quod
2080 782 2245 815 vibratum
2266 787 2391 823 patris
2411 794 2470 817 ore
2491 787 2634 828 benigno

1645 828 1777 861 Sumsit
1798 830 1951 868 virgineo
1965 829 2135 870 fragilem
2161 832 2200 860 de
2225 839 2368 870 corpore
2383 832 2549 873 fortmtm.

1555 872 1622 904 Sed
1647 874 1726 904 vide
1751 874 1829 913 quid
1855 876 2035 914 sequatur,
2070 874 2148 913 jam
2163 878 2322 916 praedae
2345 884 2448 908 LEVIS
2471 878 2633 908 imminet.

1558 920 1737 959 oppositio
1756 920 1890 951 videtur
1918 920 2110 961 postulare,

1879 967 2021 997 ardenti
2041 965 2191 1005 jamjam
2219 974 2389 998 vas-nem
2416 973 2549 998 nanu·

1647 1007 1818 1049 Pectore5
1838 1009 1917 1048 jam
1936 1013 2093 1051 praedae
2115 1020 2217 1044 LEVIS
2240 1016 2402 1045 imminet.

1558 1062 1619 1084 sua
1655 1053 1798 1086 credens
1835 1058 2020 1099 connubia,
2057 1059 2120 1090 hoc
2151 1060 2203 1089 est
2241 1064 2359 1091 certus
2387 1067 2555 1095 amorum,
2580 1063 2656 1088 ¹¹⁶·-

1558 1099 1741 1139 gligentius
1766 1102 1934 1135 interdum
1961 1105 2048 1144 agit,
2081 1107 2114 1135 et
2136 1107 2283 1146 vestigia
2305 1107 2431 1142 librat,
2470 1105 2569 1135 sistit
2591 1111 2641 1142 se,

1560 1155 1695 1178 cursum
1719 1148 1882 1180 sustinet:
1905 1150 2014 1181 statim
2040 1152 2152 1181 tamen
2171 1153 2328 1191 praedae
2353 1158 2455 1182 Levis
2480 1150 2642 1183 imminet,

1560 1201 1695 1223 cursum
1736 1195 1871 1233 repetit.
1925 1196 1983 1228 Sic
2018 1197 2150 1228 librare
2183 1206 2302 1228 cursus
2336 1197 2432 1228 ovid.
2458 1197 2570 1227 Amor.
2597 1195 2643 1234 11,

1561 1240 1594 1267 6.
1628 1239 1760 1270 librare
1792 1250 1930 1280 pennas
1964 1243 2126 1279 Quintil..
2146 1244 2295 1274 Declam.
2327 1241 2420 1274 XIII.
2444 1242 2486 1272 de
2512 1240 2640 1280 apibus.

1560 1284 1693 1315 librare
1711 1286 1866 1318 volatum
1888 1287 1990 1320 Silius
2014 1289 2097 1329 XV,
2122 1289 2202 1320 425.
2225 1290 2355 1320 librare
2379 1287 2527 1320 brachia
2549 1287 2642 1324 Apu—

1561 1329 1648 1360 leius
1673 1331 1784 1362 Miles.
1809 1334 1869 1363 111.
1914 1335 2018 1365 Recte
2044 1343 2127 1365 vero
2150 1335 2260 1366 librat
2282 1336 2435 1376 vestigia
2456 1334 2538 1373 Pan,
2567 1339 2644 1362 cur-

1563 1384 1636 1406 sum
1667 1379 1908 1416 sustenturus;
1948 1380 2014 1411 nisi
2054 1380 2144 1410 enim
2170 1382 2218 1412 ita
2244 1380 2403 1420 fecisset,
2448 1381 2507 1410 aut
2530 1375 2645 1416 proci-

1563 1421 1687 1459 disset,
1726 1426 1786 1451 auf
1817 1424 1852 1448 512
1886 1426 2017 1461 tergum
2055 1427 2168 1463 lapsus
2189 1427 2327 1463 fuisset3
2369 1433 2444 1455 cum
2468 1422 2645 1461 superiora

1565 1461 1717 1512 corporis
1754 1462 1840 1492 adeo
1871 1466 2029 1500 graviora
2057 1471 2169 1497 essent
2201 1470 2428 1499 inferioribus.
2451 1469 2561 1500 librat
2581 1465 2646 1507 igi·

1565 1508 1622 1536 tur
1647 1515 1682 1535 ln
1711 1508 1918 1547 aequilibrio
1942 1514 2044 1540 tenet.
2070 1511 2125 1540 Ex
2148 1513 2259 1552 ADD.]

1610 1560 1644 1582 v.
1666 1551 1721 1582 22.
1781 1552 2041 1594 Aventinaeque
2058 1555 2140 1596 legit
2155 1561 2304 1599 vestigia
2314 1559 2443 1597 terrae]
2453 1559 2530 1590 Non
2542 1557 2648 1589 miror

1566 1598 1773 1636 Interpretes
1790 1598 1878 1629 hunc
1896 1599 2004 1630 locum
2024 1603 2218 1639 praeterire.
2239 1605 2405 1642 quomodo
2427 1605 2516 1634 enim
2539 1603 2648 1642 expli-

1567 1645 1696 1683 carent,
1716 1643 1802 1681 quod
1822 1653 1892 1675 non
1913 1645 2166 1688 intellexeruut,
2190 1657 2251 1680 nec
2273 1659 2420 1689 uuquam
2441 1650 2648 1680 intellectum

1569 1689 1655 1727 erit3
1680 1698 1812 1730 nempe,
1829 1691 1904 1729 quid
1924 1691 1968 1723 sit
1986 1694 2098 1734 legere
2114 1695 2262 1735 vestigia
2280 1697 2452 1727 TERRAEZ
2478 1705 2521 1726 an
2531 1693 2647 1738 {igitur

1569 1743 1694 1766 TERRA
1713 1737 1885 1778 aufugere
1903 1739 2007 1780 solet,
2027 1741 2060 1770 et
2079 1740 2190 1770 Diana
2208 1742 2345 1782 vestigia
2364 1742 2437 1780 ejus
2458 1742 2648 1783 teger-epea

1570 1780 1693 1820 sequi?
1717 1790 1864 1820 agnosco
1884 1783 2016 1822 quidem
2035 1795 2188 1824 magnam
2204 1788 2408 1819 venatricem
2424 1787 2568 1819 Dianam
2589 1793 2649 1817 FE-

1570 1834 1700 1858 nARuu
1733 1829 1879 1868 vestigia
1914 1830 2079 1871 legentem
2086 1841 2102 1870 ,-
2141 1831 2231 1862 unde
2264 1833 2439 1864 beluarum
2470 1834 2648 1875 agitatrix

1572 1872 1696 1903 dicitur
1726 1874 1876 1905 Arnomo
1910 1875 1969 1907 ub.
2003 1878 2059 1907 ιν.
2093 1886 2123 1915 p.
2165 1878 2239 1908 141.
2270 1874 2348 1920 (ubi
2373 1880 2468 1918 migo
2489 1868 2577 1910 niaie
2598 1879 2650 1909 10-

1572 1918 1663 1957 gitur
1697 1919 1866 1950 silvarum
1899 1923 2092 1962 agitatrix)
2125 1924 2159 1952 et
2178 1922 2290 1954 saevis
2313 1924 2452 1956 inimica
2473 1925 2568 1964 virgo
2591 1925 2649 1955 be-

1571 1965 1661 2005 luis,
1687 1965 1827 1996 Horatio
1852 1967 1961 1998 carm.
1986 1970 2013 2007 1,
2039 1970 2092 1999 12.
2117 1969 2185 2000 Sed
2207 1975 2354 2000 raanan
2377 1972 2526 2011 vestigia
2545 1977 2650 2009 quae·-

1571 2019 1652 2040 nam
1697 2010 1765 2042 sint
1809 2011 1942 2051 ignoro.
1998 2016 2155 2054 Agnosco
2190 2015 2290 2046 etiam
2320 2014 2524 2048 Aventinum
2557 2023 2650 2047 nou-

1572 2064 1645 2087 ·ri-:M
1671 2059 1704 2086 et
1731 2065 1866 2089 consu
1891 2061 1925 2089 et
1951 2066 2080 2092 savam
2105 2060 2342 2101 Aventinam;
2374 2060 2434 2091 sed
2459 2059 2501 2090 de
2525 2068 2649 2093 TERRA

1572 2102 1748 2133 Aventina
1773 2113 1942 2142 nunquam
1966 2109 2045 2138 ante
2068 2107 2232 2139 inaudivi.
2290 2107 2381 2144 Quid
2404 2106 2531 2138 multa!
2562 2108 2651 2148 lege,

1573 2149 1712 2179 minima
1732 2150 1940 2193 mutatione,

1665 2194 1927 2237 Aventinaeque
1953 2198 2037 2238 legit
2057 2200 2206 2240 vestigia
2237 2205 2390 2230 CERVAE·

1575 2242 1706 2272 Seneca
1728 2241 1932 2285 Hippolyto,
1956 2244 1997 2274 de
2022 2244 2134 2275 Diana
2157 2254 2190 2275 v.
2217 2247 2293 2277 160.

2069 2297 2133 2322 tua
2159 2291 2327 2328 Gaetulos

1666 2333 1810 2365 Dextra
1837 2335 1973 2376 teones,
2005 2339 2070 2368 tua
2095 2338 2261 2370 Cretaeae

1668 2381 1833 2420 Sequitur
1856 2387 2006 2411 CERVAS.

1579 2422 1735 2466 Vestigia
1756 2435 1900 2466 cervae,
1926 2429 1965 2458 ut
1990 2426 2142 2458 Tibullus
2164 2429 2211 2459 IV
2218 2449 2228 2468 ‚
2257 2427 2291 2459 3.
2328 2434 2334 2440 ’

1664 2472 1749 2510 Ipse
1775 2482 1834 2512 ego
1859 2473 1986 2503 velocis
2010 2483 2176 2513 quaeram
2201 2471 2345 2512 vestigia
2366 2480 2519 2507 cenwin-

1575 2513 1714 2547 Ovidius
1747 2518 1847 2548 Trist.
1872 2520 1923 2554 V,
1946 2519 1978 2547 9.

1670 2563 1781 2603 thue
1812 2573 1933 2594 canem
1950 2563 2103 2602 pavidae
2129 2567 2271 2594 nactum
2300 2564 2443 2604 vestigia
2468 2572 2608 2598 cmxvu:

1688 2607 1895 2640 Luctantem
1911 2610 2064 2651 frustra
2087 2610 2214 2648 copula
2242 2610 2332 2640 dura
2357 2615 2459 2642 tenet.

1575 2655 1727 2689 Catullus
1755 2656 1796 2685 de
1818 2656 1920 2693 Nupt.
1946 2654 2076 2685 Thetid.
2103 2658 2136 2685 et
2160 2654 2252 2686 Pelei
2278 2664 2307 2685 v.
2333 2657 2411 2687 338.

1666 2700 1846 2732 Flammea
1872 2705 2075 2739 praevertet
2103 2701 2224 2732 celeris
2250 2701 2393 2741 vestigia
2419 2707 2574 2734 onwan.

1576 2746 1711 2779 Gratius
1737 2747 1885 2786 oyneget
1908 2755 1941 2777 v.
1967 2747 2048 2778 201.

1665 2792 1739 2823 Aut
1761 2797 1905 2824 versuta
1931 2792 2023 2832 sequi
2047 2790 2175 2830 leporis
2201 2791 2345 2830 vestigia
2363 2794 2501 2832 parvi:

1575 2836 1611 2869 id
1636 2842 1687 2871 est
1711 2840 1823 2880 legere
1845 2837 1990 2877 vestigia
2012 2837 2148 2877 leporis.
2194 2837 2372 2869 Aventina
2398 2847 2504 2870 cerva
2525 2839 2565 2869 ut
2589 2835 2656 2869 08-

1577 2894 1664 2916 :aea
1687 2895 1776 2916 ursa
1807 2884 1928 2916 Ovidio
1949 2886 2086 2915 Metam.
2110 2884 2199 2924 XII,
2240 2885 2319 2916 319.
2367 2884 2483 2926 legere
2503 2885 2656 2924 vestigia

1576 2931 1707 2970 phrasis
1734 2934 1820 2963 bene
1843 2932 1941 2961 nota:
1971 2930 2049 2963 vide
2073 2929 2231 2961 Thebaid.
2258 2930 2324 2970 IX,
2362 2932 2438 2962 171.
2460 2930 2548 2966 XII,
2575 2929 2654 2960 272.

1577 2977 1732 3008 Ovidium
1762 2979 1845 3009 Met.
1872 2978 1942 3016 111,
1969 2979 2023 3008 17.
2050 2976 2137 3017 XII,
2164 2975 2218 3006 34.
2264 2977 2437 3006 Lucanum
2462 2975 2551 3014 vm,
2573 2975 2654 3005 210.

1576 3024 1679 3055 Recte
1717 3031 1799 3055 vero
1837 3023 1871 3053 et
1903 3030 1948 3052 ex
1979 3023 2103 3054 decoro
2131 3022 2210 3053 tacit
2236 3022 2376 3052 Dianam
2401 3021 2569 3052 errantem
2593 3028 2655 3059 per

1576 3072 1703 3110 septem
1725 3070 1815 3112 juga
1824 3077 1841 3108 ‚⁸
1885 3068 1944 3099 illa
1968 3069 2076 3109 enim,
2112 3069 2231 3107 utpote
2255 3066 2433 3107 venatrix,
2481 3067 2654 3098 montibus

1575 3117 1722 3148 maxime
1755 3115 1943 3158 gaudebat:
1990 3115 2094 3156 (mide
2128 3115 2325 3154 montt'vaga
2355 3112 2429 3143 Dea
2465 3111 2657 3150 appellatur

1577 3162 1752 3195 Achilleid.
1777 3165 1815 3202 1,
1841 3160 1936 3199 450.)
1965 3159 2163 3200 praesertim
2191 3157 2381 3196 Aventino,
2417 3157 2472 3188 ubi
2495 3158 2654 3197 templum

1577 3208 1628 3240 illi
1674 3211 1709 3241 et
1746 3205 1952 3249 praecipuus
1993 3207 2122 3239 cultus:
2172 3203 2262 3235 unde
2281 3199 2438 3235 *ovidius
2467 3204 2559 3235 Fnt.
2593 3205 2655 3245 111,
