2892 3840
423 377 494 429 38
1131 386 1599 428 P.PAP1N11
1666 389 1989 433 s'rawu

423 503 525 552 Fas
555 500 682 552 mihi
715 507 999 552 sanctorum
1035 500 1187 551 venia
1219 499 1414 549 dixisse
1443 508 1729 566 parentum,

426 592 601 658 Tuque
635 606 723 640 oro
738 625 752 651 ,
783 590 999 649 Natura,
1028 591 1188 647 sinas,
1220 589 1300 637 cui
1328 590 1495 654 prima
1526 605 1620 655 per
1653 591 1828 642 orbem

425 681 548 731 Jura
583 681 765 730 animis
801 680 990 728 sociare
1026 677 1230 738 datum3
1263 691 1366 726 non
1403 680 1575 728 omnia
1608 681 1811 743 sanguis

423 771 718 827 Proximus,
755 774 842 816 aut
875 768 1003 814 serie
1039 767 1234 828 generis
1273 766 1495 817 demissa
1525 783 1766 834 propago,
1940 795 1945 803 ·
2598 784 2666 830 55

424 861 636 923 Alligat:
665 857 876 904 interius
911 869 1047 905 nova
1082 870 1233 920 saepe
1253 889 1266 915 ,
1299 856 1588 921 adscitaque
1619 866 1828 922 serpunt

425 950 638 1012 Pignora
666 945 921 994 connexis,
990 952 1136 994 natos
1172 945 1401 1007 genuisse
1435 959 1642 995 necesse
1676 954 1768 1007 est,

425 1038 494 1086 At
521 1037 700 1098 legisse
725 1035 887 1097 juvat.
959 1040 1132 1082 tenero
1163 1035 1235 1083 sic
1263 1033 1477 1083 blandus
1510 1034 1693 1084 Achilli

425 1125 639 1174 Semifer
670 1122 974 1173 Aemonium
1002 1123 1238 1173 vincebat
1265 1122 1416 1171 Pelea
1448 1121 1650 1172 Chiron.

422 1213 526 1264 Nec
560 1213 755 1275 genitor
787 1211 965 1261 Peleus
988 1220 1164 1262 natum
1195 1213 1460 1260 comitatus
1494 1214 1550 1260 in
1586 1228 1728 1263 arma
2600 1224 2672 1272 90

424 1303 627 1360 Troica,
659 1301 750 1349 sed
785 1316 899 1349 caro
926 1301 1158 1350 Phoenix
1186 1301 1427 1350 haerebat
1455 1302 1673 1350 alumno.

422 1392 643 1457 Optabat
677 1390 823 1453 longe
849 1390 1041 1439 reditus
1075 1390 1313 1440 Pallantis
1348 1398 1560 1441 ovantes

422 1480 686 1539 Evander',
720 1480 854 1527 fidus·
880 1493 1071 1544 pugnas
1102 1480 1361 1544 spectabat
1385 1479 1615 1528 Acoetes.

426 1570 651 1635 Cumque
678 1570 850 1635 procul
877 1568 1052 1617 nitidis
1081 1569 1275 1629 genitor
1305 1576 1524 1617 cessaret
1552 1569 1615 1618 ab
1646 1572 1812 1631 astris,

425 1660 751 1722 Fluctivagus
782 1658 1038 1707 volucrem
1073 1657 1302 1704 comebat
1327 1657 1512 1706 Persea
1542 1658 1736 1722 Dictys.
2602 1669 2667 1714 95

425 1750 557 1810 Quid
591 1748 808 1797 referam
840 1747 1068 1794 altricum
1097 1747 1258 1795 victos
1293 1747 1482 1812 pietate
1513 1749 1780 1812 parentes?

424 1838 557 1900 Quid
587 1846 637 1885 te
664 1842 779 1902 post
809 1836 1025 1893 cineres,
1061 1833 1369 1899 deceptaque
1409 1837 1621 1885 fulmina
1646 1840 1840 1897 matris,

425 1930 602 1978 Tutius
629 1928 750 1974 Inoo
779 1931 1062 1989 reptantem
1092 1930 1318 1987 pectore,
1351 1923 1572 1973 Bacche?

424 2016 538 2065 Jam
575 2030 748 2064 secura
773 2028 957 2078 parens
990 2012 1200 2060 Thuscis
1231 2012 1475 2074 regnabat
1500 2015 1556 2061 in
1592 2015 1742 2063 undis

421 2107 536 2164 nia,
565 2112 851 2170 portantem
881 2101 1103 2150 lassabat
1129 2101 1370 2150 Romulus
1405 2101 1605 2149 Accam.
2569 2111 2670 2158 100

419 2195 536 2243 Vidi
571 2209 661 2255 ego
690 2198 963 2241 transertos
992 2191 1157 2238 aliena
1189 2191 1246 2237 in
1277 2190 1458 2238 robora
1490 2204 1675 2248 ramos,

423 2285 590 2333 Altius
619 2284 694 2330 ire
728 2283 846 2330 suis.
915 2281 982 2328 Et
1016 2286 1065 2326 te
1094 2281 1202 2342 Jam
1231 2279 1420 2328 fecerat
1446 2281 1521 2328 illi

424 2374 594 2431 MenS,
630 2374 924 2434 animusque
953 2376 1180 2433 patrem3
1209 2383 1301 2415 nec
1335 2369 1455 2417 dum
1492 2382 1755 2426 moresve,
1792 2367 2031 2417 decorve:

425 2464 502 2512 Tu
535 2471 707 2511 tamen
742 2467 793 2506 et
826 2466 990 2506 motas
1027 2460 1180 2506 etiam
1213 2465 1320 2504 tum
1354 2472 1614 2506 murmura
1647 2471 1815 2514 voces,

420 2554 750 2615 vagitumque
779 2548 983 2605 rudem,
1011 2548 1252 2612 fletusque
1284 2548 1493 2596 infantis
1526 2548 1744 2596 amabaS.
2570 2553 2665 2599 105

424 2646 537 2702 Ille,
572 2643 713 2692 velut
744 2642 932 2704 primos
968 2640 1287 2703 expiraturus
1320 2638 1387 2685 ad
1412 2638 1625 2685 Austros

421 2732 655 2781 Mollibus
686 2731 741 2776 in
769 2730 926 2794 pratis
955 2728 1053 2776 alte
1083 2728 1173 2774 flos
1202 2728 1460 2792 improbus
1492 2734 1679 2785 exstat,

425 2825 507 2874 Sic
539 2831 707 2879 tener,
735 2829 850 2868 ante
886 2821 1046 2877 diem,
1080 2820 1225 2869 vultu
1256 2835 1524 2884 gressuque
1561 2817 1775 2883 superbo

424 2915 622 2962 Vicerat
652 2911 907 2975 aequales,
939 2910 1248 2974 multumque
1280 2911 1549 2976 reliquerat
1581 2923 1752 2958 annos.

506 3155 546 3184 v.
581 3154 634 3184 90.
672 3154 770 3193 Vulg.
804 3159 943 3184 samon.
993 3152 1048 3183 94.
1084 3152 1123 3182 L.
1153 3159 1349 3183 TOLLEBAT.
1401 3153 1456 3183 97.
1491 3158 1643 3183 ruxEnA.
1696 3153 1771 3184 101.
1800 3156 1930 3184 Ammo
1951 3149 1987 3182 in
2007 3156 2161 3182 nonnae.
2212 3149 2286 3180 104.
2311 3154 2430 3182 uuus
2464 3147 2565 3180 etiam
2589 3149 2664 3196 tuq

422 3216 606 3242 muamunss.
