2892 3840
444 428 512 479 48
1119 414 2019 478 P.PAP1N118TAT11⁷

443 555 746 603 Fortunam:
783 552 989 602 dubium
1021 565 1169 614 quem
1196 564 1300 596 non
1333 549 1389 596 in
1419 550 1616 598 turbine
1641 567 1810 603 rerum

444 644 737 709 Deprendet
771 658 1004 706 suprema
1039 640 1172 698 dies;
1207 636 1298 687 sed
1335 638 1472 687 abire
1503 649 1752 706 paratum,

444 735 518 783 Ac
546 735 750 797 plenum
778 715 900 781 vita.
971 728 1100 787 Nos,
1131 729 1248 777 vilis
1282 730 1455 789 turba,
1486 732 1686 781 caducis

442 825 713 872 Deservire
745 821 918 877 bonis,
949 832 1243 882 semperque
1276 826 1450 882 optare
1479 823 1662 884 parati,
1890 836 1909 848 ²⁶
2593 838 2690 883 130

443 914 730 978 Spargimur
757 911 811 956 in
846 923 1010 956 casus:
1043 908 1175 954 celsa
1211 915 1266 954 tu
1292 910 1478 956 mentis
1511 910 1574 957 ab
1606 926 1718 958 arce

441 1003 668 1067 Despicis
704 1006 953 1056 errantes,
989 998 1306 1062 humanaque
1342 999 1526 1060 gaudia
1551 999 1702 1048 rides.

443 1092 660 1154 Tempus
686 1096 792 1135 erat
823 1103 935 1135 cum
973 1095 1021 1134 te
1052 1089 1279 1149 geminae
1312 1078 1545 1150 suffragia
1568 1096 1730 1137 terrae

438 1183 751 1245 Diriperent,
785 1180 1042 1243 celsusque
1075 1179 1199 1227 duas
1230 1180 1472 1230 veherere
1504 1195 1592 1247 per
1624 1181 1796 1230 urbes:

437 1272 558 1320 Inde
589 1268 877 1317 Dicarcheis
909 1269 1121 1316 multum
1153 1270 1441 1319 venerande
1472 1272 1675 1330 colonis,
2593 1286 2687 1331 135

439 1362 568 1411 Hinc
598 1362 751 1408 ascite
787 1361 938 1418 meis3
966 1361 1250 1424 pariterque
1280 1360 1358 1408 his
1395 1361 1587 1423 largus,
1623 1369 1674 1409 et
1700 1363 1815 1420 illis,

440 1453 514 1500 Ac
540 1450 766 1513 juvenile
803 1449 995 1507 calens,
1023 1449 1294 1513 plectrique
1331 1466 1497 1498 errore
1532 1452 1788 1516 superbus.

442 1542 510 1590 At
537 1555 669 1587 nunc
699 1538 924 1586 discussa
948 1553 1117 1585 rerum
1148 1539 1382 1600 caligine,
1411 1555 1591 1589 verum

441 1631 650 1695 Aspicis.
719 1627 804 1673 illo
837 1626 922 1673 alii
955 1641 1125 1674 rursus
1155 1629 1408 1688 jactentur
1435 1630 1489 1675 in
1520 1629 1646 1688 alto;

441 1722 511 1770 At
545 1728 632 1767 tua
666 1731 864 1766 securos
901 1723 1103 1780 portUS,
1138 1716 1471 1781 blandamque
1506 1719 1727 1781 quietem
2591 1734 2690 1780 140

439 1809 652 1858 Intravit
680 1822 782 1853 non
816 1820 998 1870 quassa
1029 1806 1166 1852 ratis.
1239 1807 1310 1853 sic
1337 1822 1510 1870 perge;
1545 1822 1637 1855 nec
1665 1822 1884 1873 unquam

439 1900 717 1948 Emeritam
750 1898 805 1943 in
839 1903 1036 1943 nostras
1063 1911 1284 1960 puppem
1313 1896 1511 1944 dimitte
1541 1899 1795 1962 procellas.

437 1989 605 2039 Vivite
631 1987 816 2043 securi,
850 1999 1059 2052 quorum
1089 1984 1152 2031 de
1179 1993 1379 2049 pectore
1407 1987 1602 2034 mixtae

437 2081 495 2127 In
522 2080 725 2139 longum
760 2075 919 2123 coiere
955 2075 1115 2133 faces,
1151 2083 1449 2139 sanctusque
1475 2076 1687 2141 pudicae

400 2156 402 2160 ’
440 2169 621 2217 Servat
653 2166 903 2213 amicitiae
935 2165 1070 2225 leges
1108 2179 1261 2211 amor.
1329 2166 1399 2212 ite
1435 2181 1526 2230 per
1563 2181 1720 2214 annos
2590 2179 2686 2225 145

440 2257 770 2320 Saeculaque,
805 2262 856 2301 et
885 2255 1078 2319 priscae
1114 2256 1286 2302 titulos
1316 2256 1602 2319 praecedite
1638 2257 1816 2305 famae.

441 2349 641 2411 Tuque,
672 2358 827 2391 nurus
857 2345 990 2390 inter
1019 2344 1165 2406 longe
1196 2347 1557 2409 pulcherrima,
1590 2349 1728 2410 cujils

437 2438 551 2487 Non
580 2437 798 2484 frontem
827 2440 1025 2483 vertere
1060 2437 1255 2495 minae,
1289 2437 1382 2485 sed
1415 2437 1629 2486 candida
1659 2453 1856 2504 semper

442 2525 663 2581 Gaudia,
691 2530 743 2569 et
775 2524 830 2569 in
855 2523 1000 2572 vultu
1031 2538 1261 2572 curarum
1287 2528 1463 2589 ignara
1496 2529 1751 2592 voluptas:

438 2616 552 2666 Non
577 2614 669 2661 tibi
703 2614 947 2676 sepositas
978 2614 1162 2661 infelix
1190 2618 1468 2677 strangulat
1498 2633 1612 2664 arca
2587 2624 2684 2669 150

438 2705 683 2760 Divitias,
714 2701 916 2751 avidive
953 2703 1177 2750 animum
1207 2704 1473 2768 dispendia
1503 2713 1736 2770 torquent

437 2794 706 2844 Foenoris:
739 2791 960 2855 expositi
997 2806 1197 2850 census,
1233 2801 1284 2839 et
1319 2794 1466 2842 docta
1498 2795 1699 2845 fruendi

440 2884 744 2947 Temperies.
814 2894 916 2926 non
943 2880 1044 2927 ulla
1072 2881 1183 2930 Deo
1212 2885 1418 2933 meliore
1446 2886 1712 2934 cohaerent

438 2974 668 3030 Pectora,
704 2984 807 3017 non
838 2969 961 3017 alias
997 2969 1165 3019 decuit
1199 2971 1477 3024 Concordia
1504 2956 1712 3026 mentes.

531 3202 569 3230 V·
594 3202 668 3231 127.
687 3200 783 3239 Vulg.
803 3208 921 3232 numo.
971 3204 1046 3235 137.
1069 3204 1105 3236 L.
1125 3205 1311 3246 plectrique
1330 3215 1480 3240 nrcone.
1531 3210 1607 3243 139.
1627 3214 1850 3241 sac-ramur..
1878 3208 1954 3240 142.
1975 3213 2145 3240 neau‘rrfi.
2196 3208 2269 3241 143.
2291 3215 2441 3249 arsen-z.
2491 3211 2586 3248 [151.
2607 3210 2678 3242 avi-

443 3256 543 3298 ᾱίνε,
567 3258 666 3288 antea
690 3256 860 3293 avidique.
884 3265 949 3289 ΕΒ.
973 3262 1056 3299 Da]
