2892 3840
901 401 1378 438 SILVARUM
1445 387 1607 435 L113.

198 519 365 583 Atque
398 516 537 579 genis
567 520 767 580 optatus
795 513 954 563 honos
968 548 984 572 ,
1004 516 1271 577 jurataque
1305 512 1520 560 multum

197 606 361 655 Barba
384 604 507 653 tibi?
536 610 712 652 cuncta
742 604 799 651 in
827 603 1019 650 cineres
1046 603 1215 664 gravis
1247 601 1417 647 intulit
1447 601 1588 657 hora,

195 694 505 757 Hostilisque
534 693 666 740 dies:
696 691 841 739 nobis
867 691 1158 739 meminisse
1182 689 1425 737 relictum.

198 782 319 841 Quis
352 789 440 829 tua
474 781 728 845 colloquiis
768 780 941 828 hilaris
973 779 1211 827 mulcebit
1244 778 1426 826 amatis

195 870 433 920 Pectora?
464 871 574 934 quis
609 884 778 927 curas,
809 870 1092 932 mentisque
1125 882 1308 915 arcana
1337 865 1592 912 remittet?

195 959 475 1008 Accensum
506 960 615 1023 quis
645 959 745 1006 bile
780 958 914 1014 fera,
950 957 1248 1020 famulisque
1277 962 1557 1002 tumentem

193 1048 399 1106 Leniet,
431 1047 725 1109 ardentique
755 1047 811 1092 in
844 1059 899 1091 se
928 1044 1158 1091 deflectet
1189 1044 1252 1090 ab
1286 1044 1394 1090 iras.l

193 1137 419 1200 Inceptas
453 1136 562 1198 quis
593 1134 656 1181 ab
692 1149 778 1180 ore
812 1132 992 1195 dapes,
1025 1132 1277 1193 libataque
1306 1131 1429 1179 vina

193 1223 430 1281 Auferet,
466 1232 518 1270 et
545 1222 677 1270 dulci
703 1219 926 1269 turbabit
953 1225 1128 1266 cuncta
1154 1219 1362 1283 rapina?

194 1310 316 1369 Quis
348 1313 622 1359 matutinos
650 1311 915 1374 abrumpet
942 1323 1201 1357 murmure
1227 1323 1430 1356 somnos

191 1399 459 1463 Impositus
491 1402 688 1459 stratis,
714 1400 977 1462 abitusque
1008 1398 1285 1445 morabitur
1318 1399 1467 1444 arctis

192 1487 446 1546 Nexibus‚
476 1503 603 1552 aque
632 1490 743 1552 ipso
772 1488 1033 1537 revocabit
1067 1486 1132 1533 ad
1162 1486 1331 1532 oscula
1359 1486 1535 1549 poste'.l

194 1575 383 1624 Obvius
411 1578 621 1624 intranti
654 1592 826 1624 rursus
854 1578 964 1640 quis
990 1577 1047 1622 in
1081 1590 1195 1633 ora,
1233 1589 1525 1637 manusque,

191 1665 447 1724 Prosiliet‚
479 1667 814 1729 brevibusque
842 1666 1079 1712 humeros
1116 1664 1423 1711 circundabit
1446 1662 1579 1709 ulnis
1589 1661 1611 1707 ’ἔ

189 1755 333 1803 Muta
366 1756 544 1804 domus
576 1756 765 1819 pariter
793 1755 1103 1818 desolatique
1136 1759 1362 1817 penates,

189 1844 259 1892 Et
283 1847 407 1893 situs
434 1846 490 1891 in
519 1845 779 1901 thalamis,
812 1852 864 1891 et
891 1850 1089 1891 moesta
1118 1842 1318 1889 silentia
1350 1840 1554 1886 mensis.

191 1931 324 1992 Quid
357 1936 567 1991 mirum,
594 1940 736 1980 tanto
769 1934 813 1979 si
848 1941 898 1979 te
928 1934 1043 1996 pius
1078 1932 1205 1979 altor
1234 1930 1449 1975 honorat

189 2021 418 2071 Funere‘.l
454 2031 510 2069 tu
542 2022 747 2069 domino
777 2023 1001 2085 requies,
1035 2027 1307 2083 portusque
1337 2021 1593 2072 senectae;

193 2109 271 2158 Tu
301 2112 453 2162 modo
482 2112 716 2168 deliciae,
751 2110 919 2157 dulces
955 2108 1107 2155 modo
1137 2114 1340 2171 pectore
1376 2118 1536 2151 curae.

190 2198 306 2247 Non
330 2207 381 2245 te
414 2199 703 2245 barbaricae
730 2198 968 2248 versabat
1001 2197 1147 2244 turbo
1177 2202 1412 2251 catastae,

154 2287 156 2289 ’
191 2287 296 2336 Nec
322 2289 515 2334 mixtus
550 2286 743 2333 Phariis
767 2286 962 2335 venalis
990 2286 1237 2332 mercibus
1270 2285 1455 2340 infans,

190 2374 603 2440 compositosque
633 2376 788 2432 sales,
821 2373 1162 2435 meditataque
1191 2373 1351 2420 verba
1376 2373 1571 2417 locutus

189 2464 440 2524 Quaesisti
469 2466 686 2513 lascivus
720 2464 920 2520 herum,
957 2461 1196 2524 tardeque
1229 2460 1445 2522 parasti:

187 2551 318 2601 Hinc
350 2553 552 2611 domus,
579 2554 694 2600 hinc
724 2559 882 2610 ortus3
919 2551 1207 2613 dominique
1241 2548 1507 2611 penatibus
1541 2547 1659 2594 olim

191 2638 348 2689 Carus
375 2650 582 2705 uterque
617 2656 828 2705 parens,
861 2648 1008 2703 atque
1042 2641 1097 2685 in
1132 2646 1219 2685 tua
1254 2637 1436 2698 gaudia
1468 2636 1609 2692 liber,

189 2728 266 2777 Ne
308 2743 566 2792 quererere
596 2745 763 2791 genus.
832 2736 1034 2793 raptum
1064 2736 1113 2774 te
1146 2727 1374 2791 protinus
1412 2726 1526 2774 alvo

189 2817 403 2866 Sustulit
435 2819 694 2875 exultans,
725 2834 781 2864 ac
805 2819 969 2881 prima
995 2817 1161 2863 lucida
1185 2831 1309 2864 voce

187 2906 342 2955 Astra
367 2906 667 2953 salutantem
697 2906 927 2952 dominus
958 2905 1054 2951 sibi
1090 2913 1258 2951 mente
1294 2905 1497 2960 dicavit,

181 2993 566 3059 Amplexusque
597 2978 710 3040 sinu
743 2994 880 3050 tulit,
918 3001 970 3038 et
1001 2995 1229 3053 genuisse
1264 2994 1474 3055 putavit.

1678 387 1734 433 Π.
2370 388 2434 434 37

2372 691 2433 734 55

2372 1573 2437 1616 65

2371 2017 2438 2061 70

2366 2463 2428 2506 75

2362 2904 2429 2948 80

279 3210 320 3241 V.
345 3211 399 3242 56.
425 3211 549 3252 Forte,
578 3209 774 3251 colloquiis,
795 3212 960 3250 Maron,
983 3207 1153 3239 mulcebit.
1201 3209 1253 3239 58.
1278 3208 1377 3248 Vulg.
1400 3207 1533 3240 FERET.
1575 3207 1630 3239 67.
1655 3213 1806 3241 Parnon.
1855 3208 1909 3240 72.
1933 3214 2051 3240 vrmu
2078 3208 2239 3240 catastae.
