2892 3840
399 413 494 451 xm
1225 394 1807 442 PRAEFA'rio.

405 507 516 557 aliis
547 499 831 557 codicibus,
865 496 949 547 vel
986 497 1112 544 forte
1150 510 1220 542 ex
1255 497 1403 545 libitu
1433 497 1750 556 correctoris,
1784 494 2038 545 Francisci
2073 497 2362 563 Puteolani3
2407 512 2460 552 et
2507 521 2657 570 quae-

402 587 597 638 cunque
642 568 839 631 egregia
885 566 1037 613 habet
1078 565 1389 625 Parmensis,
1441 565 1567 614 haec
1602 580 1797 630 quoque
1852 565 2029 625 habet3
2085 574 2139 615 et
2173 571 2334 619 multa
2375 582 2655 636 praeterea,

404 658 532 710 quae
566 642 621 688 in
658 634 910 685 Addendz‘s
944 632 1146 683 videas:
1183 633 1312 681 adeo
1348 642 1407 682 ut
1439 635 1630 698 absque
1668 635 1762 684 hac
1797 635 2002 682 omnino
2051 650 2233 686 manca
2265 639 2446 689 fuisset
2483 652 2658 694 nostra

405 712 592 762 Editio.
663 706 814 753 Liber
854 710 931 749 est
963 701 1352 766 pulcherrimus,
1381 703 1438 750 in
1477 702 1650 752 Folio:
1698 705 1756 752 in
1801 701 1982 761 eodem
2028 704 2293 754 'volumine
2340 711 2659 761 continentur

408 777 665 835 Catullus,
707 770 927 821 Tibullus
963 777 1014 816 et
1048 769 1364 834 Propertius.
1436 769 1546 820 Uno
1585 788 1716 820 anno
1751 772 2075 820 Parmensem
2110 779 2410 838 praecessit,
2444 780 2658 844 impres-

409 865 494 900 sus
533 843 760 893 venetiis
799 838 893 887 An.
948 841 1091 886 1472.
1129 838 1242 887 Non
1282 840 1457 888 dubito
1504 842 1623 905 quin
1668 841 1792 889 haec
1828 842 1895 888 sit
1926 842 2151 889 omnium
2187 845 2536 908 antiquissima
2570 849 2658 898 ha-

411 933 522 967 rum
562 914 811 963 Silvarum
848 907 1045 954 Editio:
1091 915 1251 967 certe,
1299 910 1526 955 omnium
1560 910 1821 956 rarissima
1850 915 1949 966 est3
1993 923 2155 972 neque
2186 914 2500 964 mentionem
2547 918 2656 980 ejus

408 986 529 1036 alibi
554 981 758 1031 invenio
794 985 1143 1041 praeterquam
1178 976 1233 1021 in
1263 975 1473 1023 obscuro
1509 977 1609 1023 isto
1650 976 1833 1038 angulo
1875 974 2139 1025 Editionis
2172 977 2489 1043 Parmensis3
2513 985 2659 1034 istius

406 1067 603 1120 quoque
633 1060 872 1113 perquam
906 1059 1063 1090 rarae.

636 1118 862 1163 Romana
892 1126 1086 1175 quoque
1120 1109 1320 1170 Editio,
1365 1111 1484 1159 licet
1519 1111 1581 1159 ab
1625 1111 1737 1159 aliis
1777 1113 2102 1175 praeflorata,
2151 1115 2381 1163 nonnihil
2418 1121 2542 1168 novi
2587 1134 2658 1169 ex

411 1206 499 1240 suo
525 1184 749 1241 contulit,
784 1188 836 1228 et
860 1180 1098 1227 lectiones
1119 1180 1405 1228 Parmensis
1427 1187 1478 1227 et
1506 1180 1730 1228 Venetae
1752 1181 1908 1229 Editt.
1934 1183 2271 1242 confirmavit3
2308 1185 2443 1248 quod
2464 1190 2657 1252 passim

408 1257 622 1309 videbis.
691 1250 824 1299 Huic
856 1248 1077 1313 praefuit
1109 1249 1364 1297 Domitius
1403 1247 1726 1307 Calderinus,
1776 1265 1845 1296 ex
1894 1251 2092 1314 scriptis
2122 1251 2177 1297 in
2211 1250 2442 1304 diversos
2476 1256 2661 1306 Aucto-

409 1342 491 1377 res
524 1327 650 1373 bene
685 1326 853 1376 noum,
891 1324 958 1376 et,
993 1324 1051 1364 ut
1083 1318 1169 1364 illo
1205 1333 1349 1376 aev0,
1384 1318 1464 1366 vir
1504 1332 1626 1365 sane
1664 1317 1997 1366 doctissimus.
2068 1318 2229 1366 Multa
2270 1319 2355 1368 ille
2392 1323 2554 1373 Statio
2587 1326 2662 1374 fe-

410 1397 571 1444 liciter
602 1387 847 1445 restituit3
881 1387 935 1433 in
981 1385 1153 1433 multis
1187 1387 1446 1451 pueriliter
1483 1387 1684 1435 erravit.
1721 1386 1814 1433 hoc
1849 1394 2024 1435 tamen
2057 1386 2262 1434 nomine
2297 1393 2526 1442 maxime
2561 1394 2662 1442 cul-

408 1462 624 1529 pandus,
657 1455 790 1521 quod
827 1456 870 1502 si
906 1455 1026 1517 quid
1061 1470 1163 1502 non
1201 1454 1528 1512 intellexerit,
1575 1456 1747 1502 statim
1791 1455 2032 1515 mutavit3
2077 1456 2231 1503 etiam
2277 1457 2495 1509 absurde
2537 1475 2662 1510 non-

409 1541 690 1595 nunquam3
736 1539 886 1587 saepe
934 1525 1113 1582 etiam,
1149 1522 1284 1586 quod
1326 1522 1477 1573 valde
1523 1524 1771 1587 suspicor,
1816 1523 1952 1571 nulla
1998 1524 2254 1572 mentione
2297 1526 2444 1576 facta,
2514 1527 2662 1579 Utilis

409 1610 584 1650 tamen
613 1594 812 1651 Editio,
851 1591 985 1656 quod
1018 1592 1335 1641 diversorum
1364 1590 1607 1640 Codicum
1651 1594 1949 1655 scripturam
1983 1601 2357 1657 repraesentet3
2401 1611 2514 1646 cum
2552 1599 2663 1661 Jam

408 1683 573 1736 paene
612 1670 775 1712 certus
815 1663 936 1719 sim,
966 1661 1274 1719 Domitium,
1302 1661 1501 1724 quando
1544 1662 1692 1708 istam
1726 1660 2011 1721 evulgaret,
2042 1676 2146 1708 non
2185 1662 2379 1711 vidisse
2418 1673 2507 1713 aut
2545 1667 2664 1715 Par-

409 1749 655 1792 mensem,
697 1737 784 1779 aut
824 1730 976 1777 libros
1024 1744 1095 1777 ex
1127 1729 1305 1794 quibus
1345 1729 1630 1777 Parmensis
1673 1744 1918 1793 expressa
1967 1730 2084 1777 suit:
2138 1730 2204 1778 de
2254 1746 2350 1796 quo
2394 1734 2662 1799 aliquando

406 1810 626 1855 incertus
669 1814 820 1848 eram.

633 1869 734 1918 Sed
770 1867 958 1914 dudum
995 1875 1111 1915 ante
1146 1875 1318 1915 nactos
1354 1868 1446 1915 hos
1482 1867 1634 1914 libros
1674 1867 1954 1931 suspicatus
1990 1882 2153 1927 eram,
2191 1870 2325 1933 quod
2359 1878 2542 1935 postea
2575 1886 2664 1922 ve-

409 1959 522 1992 rum
565 1938 811 2001 comperi,
857 1951 960 1983 non
1003 1936 1218 1983 multum
1256 1937 1437 1984 auxilii
1472 1936 1873 2001 exspectandum
1921 1950 2031 1983 esse
2081 1952 2111 1984 a
2147 1937 2343 1987 duobus
2382 1941 2467 1989 vel
2503 1941 2662 1992 tribus

409 2007 785 2073 exemplaribus
838 2005 1112 2069 quibusvis.
1153 2006 1335 2069 quippe
1373 2005 1521 2052 altius
1569 2004 1802 2053 adactum
1847 2012 1955 2052 erat
1989 2005 2198 2065 vulnus;
2245 2014 2296 2054 et
2339 2016 2456 2072 post
2493 2012 2663 2059 omnia

411 2096 537 2145 quae
571 2076 800 2125 invenire
828 2075 968 2137 potui
1018 2090 1048 2121 a
1076 2073 1208 2120 Viris
1246 2074 1407 2121 doctis
1438 2074 1674 2121 restituta
1701 2074 1786 2122 vel
1833 2089 1859 2119 e
1902 2073 2068 2122 Libris
2103 2075 2188 2123 vel
2222 2076 2456 2138 Ingenio,
2502 2087 2660 2128 resta-

408 2151 533 2196 bant
568 2146 729 2194 adhuc
761 2158 923 2207 paene
958 2144 1224 2190 innumera
1258 2156 1384 2205 quae
1419 2142 1556 2188 nullo
1590 2141 1742 2189 modo
1797 2149 1940 2189 erant
1976 2142 2315 2204 intelligenda.
2385 2145 2479 2194 His
2510 2148 2662 2209 igitur

410 2213 778 2268 incumbebam,
823 2211 947 2257 haec
981 2211 1288 2275 premebam,
1325 2217 1376 2257 et
1411 2226 1585 2258 omnes
1618 2210 1847 2274 strophas
1883 2211 2158 2259 vertebam.
2194 2220 2245 2259 et
2278 2215 2534 2262 interdum
2566 2216 2663 2264 Ve-

409 2287 532 2333 ritas
561 2283 724 2348 primo
762 2279 989 2326 discursu
1024 2294 1134 2326 sese
1168 2279 1456 2342 ingerebat3
1494 2279 1762 2343 aliquando
1798 2294 1878 2327 res
1913 2287 2021 2327 erat
2045 2283 2335 2328 morosioris
2357 2283 2662 2348 disquisitio-

410 2356 503 2402 nis.
572 2353 629 2399 In
658 2364 878 2397 summa:
917 2349 960 2395 si
996 2348 1115 2412 quid
1150 2349 1204 2394 in
1238 2349 1316 2395 his
1346 2348 1496 2395 rebus
1535 2347 1671 2396 Certi
1706 2349 1795 2406 sit,
1839 2363 1999 2412 paene
2036 2349 2198 2395 ausim
2233 2351 2288 2396 in
2322 2366 2404 2398 me
2437 2352 2660 2414 recipere

410 2431 461 2469 et
493 2427 776 2486 praestare,
828 2416 899 2463 Te
938 2417 1045 2477 jam
1079 2417 1242 2478 legere
1274 2432 1423 2479 posse
1459 2416 1608 2464 Statii
1640 2416 1805 2465 Silvas
1842 2418 1951 2480 plus
1985 2430 2134 2480 quam
2177 2417 2277 2462 Ter
2304 2424 2504 2466 centum
2538 2419 2660 2469 locis

408 2491 667 2537 restitutas
710 2500 779 2532 ex
825 2483 1143 2546 Conjectura;
1184 2486 1368 2549 partim
1424 2485 1585 2531 Sensu
1636 2493 1912 2547 praeeunte
1956 2493 2007 2531 et
2049 2486 2331 2533 necessario
2374 2487 2660 2550 postulante

408 2560 500 2606 has
535 2555 938 2611 emendationes,
971 2556 1154 2616 partim
1186 2553 1373 2601 Lae‘tere's
1409 2561 1460 2600 et
1499 2553 1700 2600 Calami
1721 2552 1951 2600 dac-tibus
1987 2552 2052 2599 ad
2090 2567 2234 2602 veras
2267 2554 2532 2604 Lectiones
2569 2557 2660 2606 du·-

412 2625 665 2673 centibus:
711 2622 838 2669 adeo
878 2628 935 2666 ut
969 2623 1077 2682 jam
1117 2636 1220 2667 non
1252 2628 1446 2667 restent
1499 2620 1858 2682 Quadraginta
1904 2621 2012 2668 loca
2052 2620 2116 2667 de
2153 2624 2331 2684 quibus
2379 2623 2656 2688 desperem.

409 2693 709 2744 Juveniliter
742 2690 892 2736 nimis
929 2689 1117 2736 dictum
1147 2690 1240 2735 hoc
1276 2689 1368 2735 tibi
1402 2689 1530 2735 forte
1560 2689 1840 2738 videbitur:
1883 2689 2132 2752 spondeo,
2170 2691 2358 2738 dictum
2390 2707 2500 2741 esse
2535 2694 2660 2744 citra

413 2763 795 2810 Affectationem
832 2763 919 2804 aut
951 2755 1275 2816 Jactantiam;
1320 2771 1526 2820 quarum
1566 2759 1874 2815 occasiones,
1927 2765 1983 2804 ut
2031 2759 2156 2806 mihi
2189 2760 2417 2816 videtur,
2470 2762 2532 2809 ab
2579 2764 2656 2813 his

414 2831 604 2879 Studiis
652 2827 942 2888 longissime
981 2826 1340 2873 excluduntur.
1387 2826 1512 2872 bene
1547 2827 1681 2872 enim
1719 2827 1848 2883 scio,
1895 2841 1991 2890 quo
2036 2829 2196 2891 pretio
2238 2828 2360 2876 haec
2402 2836 2454 2876 et
2487 2833 2658 2880 omnia

411 2897 699 2962 huiusmodi
733 2894 1048 2943 aestimanda
1077 2902 1216 2943 sunt:
1252 2909 1378 2957 quae
1411 2902 1525 2940 tunc
1560 2894 1763 2941 demum
1799 2895 2078 2943 tolerabilia
2112 2897 2220 2943 fieri
2246 2897 2507 2960 incipiunt,
2545 2915 2657 2948 cum

414 2969 475 3016 ab
507 2968 676 3016 animo
714 2965 927 3028 simplici
962 2971 1012 3010 et
1049 2963 1262 3012 candido
1298 2964 1685 3027 proficiscuntur.
1721 2966 1799 3011 sin
1834 2962 2025 3023 minus,
2061 2965 2352 3029 reponenda
2381 2974 2499 3015 sunt
2525 2968 2657 3016 inter

415 3037 578 3084 Flacci
611 3049 777 3096 nugas
814 3048 940 3096 quae
975 3033 1111 3079 seria
1153 3031 1349 3078 ducunt
1379 3032 1432 3078 in
1462 3032 1613 3079 mala.

631 3102 881 3150 Nonnulla
914 3102 968 3148 in
1003 3101 1082 3149 his
1123 3101 1274 3150 Silvis
1310 3101 1731 3164 depravatissima
1762 3110 1908 3164 puto,
1953 3109 2005 3148 et
2043 3103 2152 3148 siue
2191 3100 2302 3148 aliis
2354 3101 2657 3166 exemplari-

410 3172 506 3218 bus
546 3185 799 3234 nunquam
838 3170 1176 3228 restituenda,
1227 3177 1399 3234 utpote
1456 3170 1584 3217 forte
1632 3170 1850 3219 mutila:-
1890 3170 2031 3221 velut
2080 3169 2173 3217 hoc
2219 3169 2421 3234 Epiced.
2475 3163 2657 3218 Phileti

416 3256 460 3288 v.
493 3241 576 3286 64.
