2892 3840
390 413 492 490 260

393 539 492 571 vivae
505 540 751 581 gravabantur
764 542 865 583 fores
885 547 943 569 seu
962 538 1104 572 domum,
1114 544 1234 575 nempe
1253 535 1332 574 quia
1348 545 1473 577 angus-

394 591 452 617 tae
472 588 588 624 erant;
614 586 732 618 etideo
751 589 866 625 aperto
886 583 1020 615 aethere
1039 581 1145 620 frigus
1166 584 1356 621 captabant,
1380 584 1474 613 fron—

395 632 491 664 dibus
521 634 677 664 arborum
712 634 863 662 umbram
888 629 1140 660 concinnantes.
1194 630 1318 659 Verum
1339 629 1473 667 quidem

397 680 449 708 est
480 679 540 709 has
565 680 668 720 fores
703 687 763 708 seu
797 675 898 706 aedes
936 679 1107 715 augustas
1144 673 1267 706 fuisse:
1317 675 1378 705 sed
1403 684 1473 705 non

397 727 471 756 erat
502 724 599 762 hujus
628 723 694 754 loci
728 723 791 752 hoc
824 721 985 751 innuere:
1031 729 1099 750 non
1133 720 1221 751 enim
1245 723 1474 760 gravabantur

398 779 457 801 eas
489 772 604 808 utpote
640 773 834 808 augustas,
879 766 938 797 sed
965 771 1150 806 angustas.
1181 769 1215 798 et
1237 767 1283 798 ita
1305 767 1375 806 jam
1397 776 1474 798 sen-

397 816 462 847 tire
491 815 589 846 video
616 813 789 844 Heinsium
814 812 857 842 ad
883 812 980 843 Ovid.
1006 812 1145 843 Hei-oid.
1171 814 1221 855 V,
1250 815 1302 844 16.
1330 813 1386 844 ubi
1416 823 1479 844 no-

398 864 457 892 tat.
513 860 722 900 „Augustas
751 859 877 899 fore8,
922 860 962 889 ob
1008 858 1205 889 immensum
1237 858 1364 899 frigus,
1408 869 1476 891 non

397 905 647 949 „Augustas.“
683 904 816 944 Voluit,
844 902 986 945 opinor,
1012 905 1052 935 ob
1077 907 1278 936 immensum
1302 906 1478 946 calorem,-

398 963 466 984 non
501 953 540 981 ob
573 952 771 981 immensum
795 951 931 992 frigus.
992 951 1056 981 Pro
1083 952 1187 992 fores
1225 951 1326 982 etiam
1354 952 1477 991 optime

398 1000 510 1037 legere
537 999 631 1035 potes
656 996 761 1027 lares.
784 996 879 1027 lares
907 999 941 1027 et
970 1002 1064 1027 tecta
1089 1005 1191 1036 saepe
1216 997 1477 1037 conjunguntur.

396 1045 484 1074 infra
507 1045 617 1073 tamen
645 1041 794 1073 occurrit
817 1050 886 1073 vox
904 1045 1009 1086 fores
1038 1043 1156 1073 eodem
1178 1051 1291 1084 sensu,
1317 1054 1350 1075 v.
1377 1048 1431 1076 88.

486 1090 563 1119 Non
587 1097 706 1127 cepere
728 1089 838 1129 fores,
865 1095 1083 1130 angustaque
1106 1087 1225 1128 deficit
1250 1091 1363 1122 aedes.

398 1134 481 1165 nihil
500 1134 601 1173 igitur
626 1133 661 1163 in
684 1134 747 1165 hac
775 1143 857 1165 voce
878 1135 1120 1167 innovandum.

442 1190 473 1211 v.
499 1183 554 1212 71.
624 1180 777 1212 Delituit
808 1182 940 1212 caelum
952 1204 962 1223 ,
1002 1190 1049 1213 ΕΤ
1086 1182 1209 1213 subitis
1241 1182 1306 1212 lux
1330 1183 1479 1215 candida

620 1230 728 1259 cessit

487 1272 669 1312 Nubibus]
718 1275 757 1303 In
792 1273 964 1304 nonnullis
997 1272 1200 1304 editionibus
1231 1273 1325 1303 deest
1364 1275 1487 1314 copula

398 1324 464 1348 ET:
505 1319 563 1348 sed
597 1328 669 1349 eam
706 1318 856 1351 retinent
891 1322 1000 1351 Parm.
1031 1321 1126 1351 Rom.
1162 1321 1196 1349 et
1227 1320 1348 1350 Venet.
1376 1324 1410 1351 et
1437 1321 1486 1352 ita

399 1363 452 1394 edi
485 1364 612 1395 curavi.
670 1366 734 1396 Pro
772 1367 922 1397 candida
956 1367 1020 1397 lux
1052 1365 1212 1396 Heinsius
1237 1365 1359 1396 ibidem
1383 1367 1485 1398 scribi

400 1411 475 1440 vult
502 1412 662 1449 condita5
687 1412 877 1452 „quoniam
905 1414 1053 1443 candida
1070 1413 1129 1442 lux
1151 1413 1347 1450 plerumque
1363 1415 1485 1456 fortu-

399 1460 534 1486 nata.“
590 1458 666 1487 Non
690 1467 775 1496 opus
800 1461 871 1489 est:
902 1460 1051 1489 candida
1081 1458 1169 1489 enim
1197 1457 1261 1488 lux
1285 1458 1372 1489 idem
1398 1460 1487 1497 quod

402 1503 524 1533 clara.-
553 1503 586 1531 et
608 1504 722 1534 nubilo
748 1504 938 1544 opponitur.
987 1504 1126 1535 Ovidius
1152 1503 1251 1534 Trist.
1285 1506 1329 1545 Il,
1359 1505 1436 1536 142.

537 1548 634 1578 Nube
658 1550 748 1580 solet
763 1551 873 1590 pulsa
901 1550 1062 1581 candidus
1081 1552 1134 1580 ire
1157 1549 1241 1579 dies.

401 1593 493 1623 Idem
517 1593 655 1624 Heroid.
678 1595 768 1636 XVI,
794 1598 870 1628 317.
895 1596 952 1627 ubi
984 1595 1070 1626 ludit
1093 1595 1128 1625 in
1154 1594 1279 1634 duplici
1301 1595 1399 1634 huJus
1423 1604 1481 1627 vo-

403 1638 450 1669 cis
477 1638 743 1678 significatione:

497 1685 544 1716 Te
566 1686 670 1723 milti,
694 1697 811 1727 meque
831 1687 901 1717 tibi
922 1688 1113 1717 communia
1137 1687 1269 1727 gaudia
1283 1685 1461 1727 jungant,-

536 1732 719 1763 candidior
744 1734 851 1763 medio
872 1741 944 1762 nox
975 1735 1043 1764 erit
1066 1733 1131 1763 illa
1155 1733 1220 1762 die.

402 1775 450 1806 ita
485 1779 654 1809 candidus
688 1779 743 1810 sol
759 1781 896 1809 Metam.
921 1778 1004 1818 XV,
1049 1779 1102 1809 30.
1148 1779 1231 1808 Inde
1263 1777 1365 1808 albae
1388 1778 1482 1808 luces

402 1822 549 1853 Martial.
570 1825 687 1863 Epigr.
711 1824 755 1863 X,
780 1825 836 1854 62.
865 1824 1001 1854 Plautus
1024 1822 1187 1861 Amphitr.
1218 1825 1243 1864 1,
1270 1824 1300 1854 3.

491 1869 594 1900 Nunc
624 1875 679 1910 te),
703 1879 794 1909 nox,
819 1878 908 1909 quae
935 1879 986 1899 me
1012 1871 1199 1905 mansisti,
1219 1871 1336 1906 mitto,
1361 1873 1401 1899 ut
1432 1879 1484 1899 ce-

621 1917 685 1946 das
710 1916 764 1945 (1τέ
772 1925 787 1954 ,·

498 1957 544 1989 Ut
564 1963 767 1992 mortalibus
792 1961 974 1990 illucescat
1001 1960 1077 1990 luce
1099 1960 1201 1990 clara
1226 1964 1258 1990 et
1282 1959 1435 1990 candida.

404 2002 462 2043 ita,
492 2004 624 2043 opinor,
652 2007 852 2046 legendum,
874 2016 940 2037 non
961 2006 1173 2036 fflncescas:
1193 2007 1226 2036 et
1243 2015 1304 2044 pro
1329 2005 1377 2036 Ut
1396 2006 1483 2036 forte

401 2050 578 2088 legendum
599 2054 648 2093 Is,
666 2063 711 2084 sc.
729 2055 812 2092 dies,
834 2053 1037 2083 mortalibus
1055 2053 1249 2082 illucescat.
1288 2051 1484 2083 Lactantius

403 2097 500 2135 Vl,2.
526 2098 610 2136 Ipse
627 2101 664 2130 in
683 2109 781 2131 usum
799 2099 944 2130 hominis
967 2104 1037 2129 tam
1061 2099 1205 2139 claram,
1218 2103 1289 2128 tam
1308 2098 1484 2129 candidam

400 2141 511 2172 lucem
534 2145 633 2176 dedit.
665 2147 773 2176 Multo
793 2147 891 2183 plura
913 2145 1023 2183 colligi
1044 2147 1201 2182 possunt:
1223 2144 1282 2175 sed
1299 2145 1382 2175 haec
1403 2144 1484 2175 satis

403 2188 445 2217 ad
460 2189 628 2228 vulgatam
644 2194 794 2222 candida
814 2192 983 2221 tuendam.
1001 2192 1065 2220 Pro
1086 2191 1150 2221 luz·
1160 2192 1267 2220 Parm.
1279 2191 1378 2221 babet
1388 2200 1484 2221 nox:

402 2235 436 2263 et
454 2243 552 2266 versu
579 2238 732 2276 proxime
753 2237 904 2276 sequenti
929 2242 1027 2268 astro
1049 2245 1109 2275 pro
1131 2236 1275 2267 Austro.
1314 2239 1408 2267 Vei-s.
1428 2238 1482 2268 74.

403 2281 500 2311 dives
529 2282 659 2314 Elisa:
692 2293 736 2314 ex
755 2284 871 2323 Virgil.
891 2286 973 2314 Aen.
994 2285 1048 2323 lv,
1068 2284 1146 2315 263.
1183 2283 1391 2322 desumptum
1413 2283 1483 2322 epi-

401 2326 528 2358 theton.
540 2332 577 2360 ut
596 2332 629 2361 et
645 2340 728 2369 quae
746 2334 943 2370 sequuntur,
955 2333 1126 2369 testesque
1145 2330 1287 2359 ululant·
1297 2339 1364 2368 per
1378 2331 1482 2360 devia

400 2373 598 2416 Nymphae,
649 2386 693 2407 ex
729 2378 844 2407 eodem
870 2377 956 2407 libro
986 2384 1015 2405 v.
1045 2377 1120 2405 168.
1149 2385 1344 2416 summoque
1369 2376 1483 2406 ulula-

402 2425 487 2450 runt
515 2424 645 2452 vertice
674 2423 861 2463 Nymphae.
908 2421 1034 2452 Ibidem
1069 2431 1130 2460 pro
1154 2421 1280 2452 Attulit
1303 2423 1483 2461 legendum

403 2473 476 2495 esse
502 2467 638 2502 Detulit
662 2469 948 2507 persuasissimum
972 2468 1099 2498 habeo:

686 2516 820 2556 qualem
844 2514 978 2555 Libyae
1006 2514 1180 2545 Saturnia
1203 2514 1350 2545 nimbum

491 2558 631 2590 Detulit.

400 2606 524 2638 Noster
550 2606 653 2638 Theb.
680 2607 749 2647 XI,
774 2609 853 2638 276.

884 2653 946 2683 hos
971 2655 1065 2692 ignis
1091 2657 1228 2693 egentes

489 2697 577 2729 Fert
590 2698 724 2736 humus,
744 2698 806 2728 hos
828 2699 948 2738 pelago
962 2701 1104 2737 patrius
1120 2698 1197 2736 jam
1219 2698 1338 2729 detulit
1357 2702 1484 2730 amnis.

399 2743 472 2774 Val.
495 2745 638 2775 Flaccus
663 2746 730 2784 IV,
761 2746 814 2775 15.

491 2791 618 2827 Dia-it,
641 2795 672 2821 et
696 2799 831 2821 arcano
855 2789 1059 2820 redolentem
1083 2794 1226 2819 nectare
1250 2798 1375 2829 rorem,

492 2838 598 2875 Quem
618 2845 725 2875 penes
748 2837 825 2867 alta
850 2837 944 2875 quies
968 2835 1157 2875 liquidique
1179 2837 1343 2873 potentia
1369 2837 1483 2866 somni

489 2882 637 2919 Detulit,
661 2884 764 2922 inque
792 2884 878 2922 vagi
900 2882 1027 2912 libat-it
1051 2887 1208 2920 tempora
1233 2883 1333 2911 nati:

402 2931 456 2961 ubi
486 2928 645 2959 Heinsius
679 2928 816 2967 conjicit
853 2927 1022 2966 Depluz't:
1067 2927 1188 2957 merito
1211 2927 1435 2965 reprehensus
1461 2936 1481 2957 a

400 2977 448 3006 Cl.
473 2977 682 3012 Burmanno,
710 2975 764 3013 qui
791 2975 886 3004 notat
910 2973 1047 3012 proprie
1075 2974 1211 3015 deferri
1230 2973 1297 3004 dici
1323 2983 1408 3012 quae
1435 2982 1481 3004 eu·

400 3023 471 3052 allo
498 3022 675 3052 feruntur:
699 3025 736 3052 ut
767 3021 854 3051 infra
882 3030 913 3051 v.
945 3022 998 3050 80.
1026 3019 1131 3057 ejusd.
1158 3019 1215 3049 lib.

489 3067 585 3098 Diva
607 3068 721 3109 volat,
749 3068 922 3105 defertque
947 3065 1020 3097 viro
1046 3066 1231 3098 celeranda
1251 3067 1415 3104 parentis

487 3111 651 3151 Imperia.

398 3155 559 3194 Virgilius
584 3159 670 3197 xu,
692 3159 771 3189 416.

487 3201 567 3278 lJ'Ioc
590 3204 723 3244 Venus,
750 3205 892 3236 obscuro
910 3206 1047 3247 faciem
1073 3207 1295 3239 circumdata
1322 3207 1432 3238 nimbo

521 3246 628 3278 etulit.

1263 409 1449 459 NOTAE
1479 423 1548 459 AD
1581 410 1686 458 [ΑΒ.
1707 411 1784 457 ΙΠ.
1816 414 1857 457 1.

2507 435 2541 481 y
2555 432 2633 468 1:33

1543 535 1696 567 Justinus
1727 535 1864 577 XXIX,
1908 536 1938 567 3.
1972 538 2087 568 videre
2117 542 2293 571 tonantem
2317 550 2361 572 ac
2375 542 2626 584 fulminantem

1543 583 1587 613 ab
1615 590 1746 614 occasu
1772 582 1976 623 procellam,
2014 593 2117 624 quam
2142 586 2181 626 ἐπ
2205 594 2426 628 quascunque
2449 592 2627 619 terrarum

1538 633 1666 667 partes
1700 630 1870 660 victoriae
1904 633 2094 667 tempestas
2123 629 2303 667 detulerit,
2343 641 2464 674 magno
2488 635 2623 664 cruoris

1542 675 1649 705 imbre
1687 676 1803 705 omnia
1829 676 2069 717 foedaturam.
2126 675 2203 707 Scio
2238 676 2372 715 quidem
2392 678 2503 710 Iocum
2525 679 2625 710 istum

1542 719 1700 751 Thebaid.
1726 722 1816 761 VIII,
1839 721 1919 752 411.

1636 767 1718 797 Cum
1748 765 1874 806 Libyae
1910 767 2046 798 Boreas
2079 766 2191 798 Italos
2231 769 2330 809 niger
2362 775 2522 800 arrum-r
2562 769 2626 800 im-

1765 813 1852 843 bres.

1545 855 1613 888 Sed
1648 856 1782 889 diversa
1817 857 1906 889 ratio
1942 859 1994 888 est
2021 856 2119 888 istius
2149 858 2183 888 et
2203 857 2302 896 hujus
2326 857 2405 889 loci.
2431 866 2516 897 quae
2539 858 2627 890 enim

1545 910 1590 933 eu·
1627 902 1811 944 longinquo
1850 902 1990 934 veniunt
2023 906 2116 936 reete
2138 903 2268 944 afferri
2290 903 2468 946 dicuntur,
2504 904 2542 934 ut
2562 903 2628 934 im-

1545 950 1622 979 bres
1648 957 1692 979 ex
1716 950 1815 981 Italia
1837 949 1872 980 in
1900 949 2068 981 Africam:
2101 958 2187 988 quae
2212 958 2294 981 vero
2324 959 2370 982 ex
2394 951 2488 987 alto,
2510 948 2629 980 melius
2651 961 2654 965 ·

1546 995 1586 1025 de
1608 997 1692 1026 errt’.

1581 995 1627 1071 'C-
1654 1043 1711 1072 77.
1849 1050 1913 1072 nec
1945 1051 2011 1082 quo
2055 1042 2219 1072 convivia
2241 1043 2416 1083 migrent]
2463 1042 2516 1072 lta
2537 1039 2631 1072 reete

1548 1087 1657 1117 Parm.
1692 1088 1726 1117 et
1748 1087 1841 1118 Rom.
1879 1091 1914 1120 et
1945 1088 1980 1119 in
2015 1089 2089 1118 Vet.
2121 1086 2212 1119 Edit.
2248 1087 2353 1119 Paris.
2387 1086 2455 1127 legi
2488 1089 2633 1118 testatur

1548 1133 1734 1170 Morellus,
1784 1133 1840 1171 qui
1876 1133 1925 1164 ita
1955 1133 2217 1173 interpretatur:
2258 1143 2355 1175 „nec
2390 1136 2504 1164 tamen
2535 1132 2632 1164 Iocus

1548 1179 1725 1219 „idoneus
1759 1181 1959 1211 occurrebat
1990 1189 2056 1219 quo
2087 1180 2309 1211 transferrent
2333 1179 2492 1219 epulas.“
2528 1181 2562 1210 et
2582 1177 2634 1210 its

1554 1226 1626 1256 fere
1660 1225 1740 1257 Adr.
1773 1225 1932 1258 Behotius
1962 1228 1995 1257 et
2028 1225 2213 1259 Salmasius
2242 1226 2348 1266 Epist.
2371 1226 2474 1258 xcn.
2520 1223 2631 1256 Aliam

1554 1270 1645 1302 viam
1686 1269 1812 1302 insistit
1844 1271 2034 1303 Gronovius
2067 1272 2171 1311 Reliq.
2197 1271 2240 1302 ad
2266 1275 2348 1305 Stat.
2374 1272 2457 1303 Silv.
2479 1269 2531 1302 his
2553 1278 2633 1302 ver-

1554 1316 1605 1348 bis
1649 1327 1745 1357 „nec
1783 1327 1848 1357 quo
1884 1321 2051 1350 convivia
2082 1319 2256 1359 migrent-1
2311 1318 2399 1349 Vere
2423 1318 2472 1348 sie
2495 1316 2631 1357 legitur,

1555 1372 1657 1404 „non
1693 1366 1806 1395 tamen
1841 1372 1881 1394 eo
1918 1373 2018 1394 sensu
2055 1373 2153 1402 quem
2181 1363 2263 1394 dant
2282 1363 2444 1395 Mol-ellus
2467 1365 2502 1395 et
2523 1362 2633 1394 Beho-

1555 1430 1578 1450 ,‚
1588 1409 1666 1450 tius,
1685 1420 1748 1442 nee
1767 1414 1882 1441 tamen
1906 1409 2113 1442 occurrebat
2137 1410 2279 1440 idoneus
2301 1410 2398 1440 locus
2425 1418 2489 1450 quo
2511 1413 2633 1440 trans-

1555 1457 1730 1498 „ferrent
1764 1456 1910 1495 epulas:
1953 1457 2002 1487 sic
2035 1455 2124 1486 enim
2150 1454 2281 1494 quidvis
2301 1455 2336 1486 in
2362 1454 2480 1495 quovis
2505 1452 2632 1486 inteni-

1554 1510 1666 1543 „gere
1709 1509 1837 1540 posses.
1874 1502 1934 1532 sed
1965 1504 2000 1533 et
2032 1503 2233 1533 occurrebat
2262 1501 2344 1532 satis
2377 1501 2552 1542 locorum,
2592 1499 2632 1531 ut

1553 1547 1731 1588 „exponit
1762 1547 1835 1586 ipse
1859 1547 1985 1579 statim.
2030 1547 2224 1579 Proximum
2248 1549 2387 1579 verbum
2410 1546 2632 1586 repetendum

1553 1614 1576 1634 „
1587 1592 1782 1625 intellectu:
1822 1594 2021 1633 abripv’unt,
2052 1602 2116 1624 nec
2149 1594 2261 1624 tamen
2291 1603 2331 1625 eo
2354 1593 2540 1632 abripiunt
2563 1600 2630 1631 quo

1553 1638 1716 1680 „possint
1749 1639 1807 1669 aut
1841 1640 1974 1671 soleant
2008 1638 2166 1670 convivia
2199 1637 2393 1682 migray're:
2439 1638 2570 1670 scilicet
2592 1636 2630 1668 in

1553 1686 1745 1725 „sacellum
1772 1685 1826 1715 vel
1862 1685 2049 1716 aediculam
2082 1684 2251 1716 Herculis.
2262 1685 2285 1705 “
2332 1685 2406 1716 Hoc
2427 1685 2527 1716 modo
2552 1683 2628 1723 pul-

1554 1731 1633 1762 cher
1655 1732 1788 1771 quidem
1813 1732 1966 1770 exsurgit
1989 1739 2126 1762 sensus:
2164 1731 2224 1762 sed
2246 1729 2361 1762 verior
2380 1730 2488 1762 altera
2509 1729 2629 1762 distin-

1553 1776 1620 1807 ctio
1658 1778 1699 1808 de
1730 1785 1795 1815 qua
1821 1776 1891 1814 jam
1914 1777 2065 1808 dicturus
2087 1785 2171 1808 sum.
2217 1775 2442 1808 Adversativa
2464 1776 2631 1816 particula
2678 1795 2682 1799 -

1553 1829 1621 1854 εει)
1653 1823 1688 1854 in
1722 1822 1878 1861 sequenti
1908 1823 2097 1854 sententiae
2133 1824 2302 1863 membro,
2345 1824 2524 1854 instantes
2560 1829 2628 1856 SED

1548 1871 1715 1908 proxima
1754 1877 1922 1908 quaerere
1957 1869 2068 1900 nimbi
2101 1867 2321 1905 Suadebant,
2355 1868 2549 1900 necessario
2572 1868 2632 1899 de-

1552 1916 1649 1945 notat
1673 1913 1818 1952 aliquam
1841 1914 2085 1954 oppositionem
2108 1913 2196 1944 inter
2220 1914 2306 1944 hanc
2331 1916 2365 1945 et
2387 1914 2535 1953 priorem
2554 1922 2632 1945 sen-

1553 1961 1680 1992 tentiae
1714 1962 1855 1998 partem.
1895 1960 1944 1992 sic
1977 1960 2082 2000 igitur
2115 1960 2360 1991 construendus
2392 1960 2508 2002 locus,
2545 1968 2631 1991 voce

1553 2015 1621 2037 suc
1653 2006 1803 2038 resoluta
1834 2006 1868 2036 in
1903 2014 1951 2038 Er
1986 2014 2079 2047 non,
2124 2007 2163 2036 ut
2194 2006 2334 2046 passim:
2380 2013 2427 2038 ΕΤ
2458 2009 2632 2039 instantes

1554 2054 1662 2085 nimbi
1695 2053 1890 2084 suadebant
1909 2062 2076 2093 quaerere
2107 2059 2179 2083 NON
2205 2063 2269 2092 quo
2294 2054 2454 2085 convivia
2475 2054 2633 2094 migrent,

1554 2107 1622 2130 sen
1641 2100 1831 2139 proxima:
1866 2099 2005 2140 reliquis
2028 2099 2225 2130 Parenthesi
2251 2099 2410 2130 inclusis:
2451 2101 2486 2131 et
2507 2098 2556 2130 ita
2577 2097 2635 2130 edi

1554 2146 1682 2177 curavi.
1707 2144 1930 2187 repentinus,
1962 2145 2090 2186 inquit,
2116 2145 2223 2176 imber
2245 2145 2378 2176 famulis
2402 2154 2470 2176 non
2492 2144 2635 2185 permit-

1552 2192 1645 2223 tebat
1675 2191 1853 2221 consulere
1877 2189 1927 2234 τῷ
1950 2191 2133 2235 πρέποντι,
2171 2191 2231 2221 sed
2255 2191 2502 2223 commoditatis
2536 2199 2637 2232 coge-

1552 2239 1611 2270 bat
1640 2246 1698 2268 eos
1737 2239 1855 2276 petere
1877 2247 1945 2269 non
1974 2247 2040 2276 quo
2064 2238 2184 2276 epulae
2206 2237 2242 2268 in
2265 2238 2325 2269 tali
2353 2247 2433 2269 casu
2457 2235 2634 2270 transferri

1551 2285 1683 2324 solent,
1726 2283 1891 2322 privatam
1920 2283 2064 2322 aliquam
2091 2284 2242 2322 domum3
2283 2284 2342 2315 sed
2366 2284 2539 2323 proxima:
2582 2291 2630 2314 sc.

1550 2331 1710 2361 sacellum
1742 2330 1909 2360 Herculis.
1963 2332 2003 2360 In
2036 2331 2144 2361 Parm.
2171 2331 2205 2360 et
2232 2330 2326 2361 Rom.
2347 2330 2441 2362 deest
2461 2337 2531 2360 vox
2553 2337 2630 2369 quo,

1552 2377 1636 2408 elisa
1662 2386 1682 2407 a
1708 2375 1928 2407 similitudine
1952 2376 2122 2415 sequentis
2149 2386 2199 2406 co.

1597 2433 1629 2453 v.
1657 2423 1712 2453 82.
1763 2423 1889 2454 Stabat
1905 2424 2000 2454 dicta
2023 2422 2111 2453 sacri
2136 2423 2247 2453 tenuis
2268 2430 2368 2458 casa,
2389 2421 2523 2451 nomine
2545 2423 2630 2450 tem*

1547 2470 1630 2510 plez]
1679 2468 1799 2499 Nullus
1824 2469 1860 2498 in
1881 2469 1932 2499 his
1955 2477 2091 2499 sensus:
2118 2468 2217 2506 Iege,

1645 2514 1776 2545 Stabat
1801 2515 1899 2545 dicta
1926 2514 2032 2546 sacris
2058 2515 2170 2546 tenuis
2199 2520 2309 2543 casa.-

1552 2562 1646 2592 αἰσία
1670 2562 1806 2596 sacris,
1829 2560 1860 2590 id
1889 2562 1960 2600 est,
1989 2561 2090 2591 rebus
2116 2560 2235 2589 sacris
2261 2558 2391 2588 dicata.
2417 2557 2529 2589 dicere
2549 2567 2630 2598 pro..

1552 2607 1660 2646 prium
1713 2607 2035 2637 Consecratt'om'bus
2073 2605 2231 2636 verbum:
2284 2601 2423 2634 Servius
2461 2604 2505 2635 ad
2539 2605 2627 2645 Virg-

1553 2655 1635 2684 Aen.
1660 2653 1717 2688 VI,
1743 2651 1819 2682 138.

1643 2696 1770 2728 Iunoni
1789 2698 1954 2739 infernae
1974 2696 2083 2727 dictus
2107 2705 2211 2726 sacer
2225 2706 2237 2726 .-

1553 2745 1707 2782 Dic'rus]
1734 2743 1883 2774 dicatus.
1908 2742 1985 2773 vide
2010 2742 2153 2772 eundem
2181 2741 2224 2772 ad
2247 2740 2331 2771 Aen.
2353 2742 2456 2784 VIII,
2478 2743 2554 2776 344.

1637 2788 1836 2820 Parrhasio
1861 2788 1985 2819 dictum
2010 2789 2129 2819 Panos
2155 2789 2195 2818 de
2219 2797 2312 2818 more
2334 2786 2480 2828 Lycaei.

1548 2836 1672 2868 Noster
1695 2835 1797 2866 Theb.
1822 2837 1870 2874 V,
1898 2837 1975 2866 511.
2001 2834 2145 2874 plenius,

1828 2881 1976 2913 Inachio
2001 2886 2161 2913 sanctum
2187 2878 2306 2911 dixere
2327 2880 2472 2911 Tonanti

1638 2924 1833 2966 Agricolae.

1547 2971 1683 3003 Persius
1707 2973 1776 3002 Sat.
1802 2973 1852 3011 11,
1879 2973 1933 3006 63.

1640 3018 1693 3049 Et
1722 3019 1811 3048 bona
1834 3019 1899 3049 Dls
1925 3026 1971 3050 ex
1994 3017 2063 3048 hac
2092 3016 2267 3048 scelerata
2291 3016 2404 3048 dicere
2422 3015 2556 3054 pulpa:

1548 3064 1597 3095 ita
1624 3064 1804 3104 legendum
1829 3066 1928 3104 puto;
1957 3064 2078 3103 vulgo,
2106 3064 2253 3095 ducere:
2279 3063 2374 3093 nullo
2398 3061 2475 3099 apto
2496 3069 2607 3092 sensu.

1594 3119 1626 3140 v.
1658 3111 1711 3142 89.
1757 3109 1911 3142 Erubuit
1932 3110 2072 3148 risitque
2107 3109 2233 3147 Deus]
2288 3109 2366 3139 Non
2396 3105 2495 3136 video
2529 3116 2628 3145 quam

1548 3159 1648 3187 risus
1685 3165 1819 3187 causam
1855 3157 1910 3188 hic
1933 3156 2047 3187 habuit
2072 3155 2257 3190 Herculem
2281 3156 2359 3184 irae
2386 3151 2496 3190 potius
2520 3155 2554 3183 et
2579 3155 2630 3184 in-

1548 3203 1782 3243 dr'gnatr'onz‘s,
1809 3204 1898 3242 quod
1922 3204 2016 3234 tanto
2042 3199 2171 3232 numini
2199 3202 2265 3230 tam
2291 3199 2435 3238 angusta
2461 3202 2549 3230 esset
2570 3208 2629 3230 ae-

1550 3248 1618 3279 des.
1648 3247 1793 3288 conjicIO
