2892 3840
2385 401 2466 448 33.

807 858 876 912 P.
951 852 1395 911 PAPINII
1480 851 1870 908 STATII

550 1022 2120 1110 levARUM

926 1246 1192 1289 LIBER
1257 1243 1735 1286 SECUNDUS.

685 1714 809 1772 AD
885 1712 1436 1783 MELIOREM
1505 1711 2001 1768 ATEDIL‘M.

215 1929 327 2013 Et
356 1943 716 2013 familiaritas
739 1967 951 2028 nostra,
989 1976 1100 2031 qua
1136 1957 1390 2030 gaudeo,
1416 1952 1627 2009 Melior
1663 1955 1755 2009 vir
1786 1953 2029 2024 optime,
2056 1970 2163 2006 1166
2191 1954 2383 2009 minus
2462 1992 2465 1994 -

218 2058 281 2113 in
304 2058 520 2128 judicio
550 2059 869 2131 literarum,
900 2078 1074 2133 quam
1099 2061 1161 2114 in
1184 2058 1344 2115 omni
1372 2057 1527 2112 vitae
1567 2058 1756 2111 colore
1790 2054 2122 2121 tersissime,
2160 2064 2220 2109 et
2251 2057 2374 2127 ipsa

221 2161 624 2230 opusculorum
664 2181 811 2235 quae
848 2165 957 2219 tibi
993 2164 1158 2219 trado
1204 2162 1456 2216 conditio
1498 2161 1581 2214 sic
1618 2159 1805 2231 posita
1841 2165 1955 2224 est,
2005 2165 2071 2210 ut
2100 2164 2251 2212 totus
2280 2159 2374 2215 hic

220 2261 365 2314 alter
398 2261 548 2315 liber
595 2280 761 2318 meus
806 2267 983 2319 etiam
1033 2266 1158 2319 sine
1197 2264 1440 2334 epistola
1474 2270 1830 2333 expectetur.
1907 2260 2173 2315 Primum
2222 2264 2380 2318 enim
2411 2268 2444 2318 5
2474 2294 2478 2297 >

217 2361 391 2417 habet
436 2359 746 2420 Glauciam
792 2373 1076 2433 nostrum,
1118 2367 1277 2434 cujus
1328 2365 1716 2436 gratissimam
1760 2362 2090 2432 infantiam,
2137 2373 2195 2418 et
2236 2382 2373 2435 qua-

216 2466 338 2520 lem
374 2465 713 2538 plerumque
752 2467 1015 2522 infelices
1043 2466 1382 2534 sortiuntur,
1427 2467 1580 2537 apud
1613 2475 1671 2519 te
1710 2467 2049 2535 complexus
2089 2467 2370 2521 amabam.

218 2568 348 2624 Jam
380 2587 518 2624 vero
546 2570 656 2624 tibi
687 2571 854 2641 hujus
882 2570 1078 2624 amissi
1110 2585 1309 2623 recens
1335 2570 1546 2624 Vulnus
1576 2567 1661 2642 (ut
1698 2564 1836 2639 scis)
1866 2568 2143 2639 Epicedio
2181 2587 2373 2639 prose-

222 2679 385 2725 cutus
427 2689 583 2739 sum,
624 2673 768 2728 adeo
797 2672 1165 2739 festinanter,
1213 2679 1278 2726 ut
1315 2671 1707 2726 excusandam
1734 2669 2035 2724 habuerim
2070 2668 2446 2726 affectibule

222 2773 338 2827 tuis
370 2772 739 2828 celeritatem.
813 2793 923 2830 nec
954 2793 1106 2830 nunc
1144 2793 1275 2829 eam
1321 2775 1474 2846 apud
1504 2781 1561 2828 te
1594 2775 1776 2842 jacto,
1837 2774 1935 2844 qui
1968 2774 2148 2841 nosti,
2185 2775 2287 2827 sed
2313 2784 2372 2828 et

224 2873 430 2929 ceteris
462 2873 682 2943 indic03
717 2893 791 2929 116
824 2879 951 2948 quis
990 2879 1275 2949 asperiore
1299 2879 1441 2932 lima
1479 2893 1710 2931 carmen
1735 2876 2057 2942 examinet,
2098 2884 2156 2929 et
2190 2894 2222 2929 a
2245 2893 2376 2929 con-

222 2979 352 3034 fuso
381 2978 682 3049 seriptum,
718 2986 777 3032 et
811 2979 1029 3034 dolenti
1062 2982 1288 3049 datum3
1334 2996 1467 3034 cum
1496 2996 1645 3049 pene
1682 2995 2031 3048 supervacua
2069 2977 2182 3030 sint
2216 2978 2377 3031 tarda

317 3223 391 3254 Lin.
421 3226 454 3255 8.
478 3224 517 3254 L.
540 3223 735 3262 complexu·
756 3229 978 3254 Annmamn.
