2892 3840
0 3378 1 3397 „„
0 3284 10 3340 vn-

10 729 14 732 »
6 699 10 703 >
7 601 15 611 ‘A
2 563 11 571 5
7 469 15 484 C·-

2 550 61 845 ‘fxffiaessstfflssa21‘1'353·
40 533 43 536 ι

0 3240 9 3275 -κ
0 2968 9 3220 «σιν-’ςι--σ--η-νι
0 2712 6 2957 -η--ν-ν-κ-ψ-
0 2655 6 2697 ὴ-Α
0 2621 4 2645 vr
0 2507 4 2597 2—«w-
0 2491 2 2498 s
0 2467 2 2471 ,
0 2439 2 2452 v
0 2392 1 2396 „

24 2831 26 2834 -
22 2227 30 2230 ι

78 2292 87 2295 ι

958 430 1422 468 ειινΑιιυΜ
1488 416 1653 465 LIB.
1722 413 1801 462 IV.
2437 419 2502 468 99

256 542 485 593 Liberior
514 544 703 607 campi,
732 543 1044 608 multumque
1075 544 1341 608 amplexus
1373 542 1535 605 aperti

257 633 529 703 Aetheros,
560 639 613 679 et
642 640 837 680 tantum
874 632 1078 680 domino
1107 633 1296 679 minor:
1330 631 1415 678 ille
1445 636 1654 694 penates
2435 630 2500 677 25

256 721 459 786 Implet,
490 729 542 768 et
568 722 761 783 ingenti
794 721 954 768 Genio
977 722 1140 783 juvat.
1209 720 1452 769 Aemulus
1484 719 1586 765 illic

255 810 409 860 Mons
428 810 612 871 Libys,
646 811 918 875 Iliacusque
947 812 1137 869 nitent,
1168 817 1220 857 et
1252 809 1412 858 multa
1441 807 1623 868 Syene,

257 899 328 947 Et
354 898 534 958 chiffl,
570 907 622 947 et
654 901 830 962 glauca
854 901 1097 947 certantia
1123 898 1314 947 Doride
1346 912 1490 955 saxa,

258 989 499 1054 Lunaque
529 989 788 1053 portandis
823 996 1019 1047 tantum
1049 990 1254 1036 suffecta
1282 988 1536 1034 columnis.

258 1078 433 1140 Longa
460 1093 611 1142 super
644 1078 862 1141 species:
892 1077 1039 1123 fessis
1075 1077 1170 1125 vix
1203 1075 1419 1121 culmina
1452 1074 1668 1138 prendas
2434 1079 2505 1123 30

258 1166 486 1224 Visibus,
521 1165 780 1226 auratique
811 1172 957 1229 putes
992 1164 1247 1229 laquearia
1279 1163 1416 1210 caeli.

257 1254 354 1303 Hic
388 1269 501 1302 cum
534 1253 803 1300 Romuleos
838 1267 1070 1317 proceres
1102 1252 1424 1315 trabeataque
1460 1249 1645 1298 Caesar

257 1342 476 1406 Agmina
502 1343 639 1391 mille
671 1343 820 1389 simul
845 1343 998 1405 jussit
1030 1340 1342 1388 discumbere
1376 1339 1582 1395 mensis,

257 1433 373 1496 Ipsa
406 1433 545 1480 sinus
574 1432 793 1479 accincta
826 1431 978 1480 Ceres
995 1465 1009 1489 ,
1037 1430 1355 1492 Bacchusque
1386 1425 1618 1473 laborant

260 1520 505 1570 Sufficere.
574 1520 796 1568 aetherei
826 1521 955 1567 felix
990 1520 1061 1567 sic
1102 1517 1264 1564 orbita
1290 1516 1441 1563 fluxit
2437 1524 2501 1567 35

260 1609 582 1673 Triptolemi:
619 1611 690 1656 sic
722 1609 926 1658 vitifero
957 1609 1049 1657 sub
1078 1607 1285 1673 palmite
1318 1604 1482 1652 nudos

257 1696 524 1749 Umbravit
551 1699 727 1757 colles,
758 1706 811 1745 et
845 1698 1012 1746 sobria
1042 1713 1159 1746 rura
1184 1697 1400 1758 Lyaeus.

258 1788 363 1837 Sed
393 1788 519 1837 mihi
550 1803 654 1836 non
687 1788 886 1853 epulaS‚
920 1787 1123 1837 Indisve
1158 1788 1339 1834 innixa
1367 1784 1608 1832 columnis

257 1876 458 1926 Robora
485 1878 773 1925 Maurorum
787 1911 801 1934 ‚
835 1877 1115 1925 famulasve
1149 1890 1219 1922 ex
1253 1875 1428 1922 ordine
1455 1881 1671 1930 turmas3

258 1967 454 2031 Ipsum,
483 1967 651 2030 ipsum
681 1965 860 2029 cupido
891 1973 1090 2013 tantum
1123 1971 1347 2028 spectare
1381 1963 1585 2011 vacavit
2438 1972 2505 2015 40

262 2054 604 2123 Tranquillum
634 2056 831 2113 vultus,
863 2062 916 2101 et
944 2055 1208 2116 majestate
1239 2067 1417 2100 serena

261 2142 563 2190 Mulcentem
597 2143 792 2201 radios,
828 2144 1322 2206 summittentemque
1349 2140 1577 2188 modeste

259 2230 514 2278 Fortunae
542 2232 736 2281 vexilla
763 2247 906 2279 suae:
944 2240 1115 2279 tamen
1148 2246 1232 2278 ore
1278 2230 1470 2278 nitebat

259 2320 618 2368 Dissimulatus
647 2321 822 2368 honos.
892 2321 1044 2367 talem
1076 2335 1269 2383 quoque
1297 2319 1539 2366 barbarus
1567 2317 1726 2364 hostis

260 2408 465 2467 Posset,
498 2416 550 2455 et
581 2411 782 2470 ignotae
818 2416 1138 2472 conspectum
1171 2423 1437 2470 agnoscere
1470 2414 1655 2468 gentes.
2436 2411 2499 2455 45

259 2497 375 2547 Non
409 2498 553 2546 aliter
582 2498 746 2559 gelida
775 2498 1043 2563 Rhodopes
1074 2499 1130 2544 in
1163 2498 1295 2546 valle
1329 2494 1574 2544 recumbit

262 2587 500 2635 Dimissis
530 2586 780 2636 Gradivus
814 2589 977 2651 equis:
1015 2588 1086 2633 sic
1120 2586 1308 2633 lubrica
1336 2586 1479 2649 ponit

263 2675 490 2723 Membra
519 2676 846 2740 Therapnaea
873 2677 1121 2724 resolutus
1156 2674 1405 2737 gymnade
1438 2674 1643 2720 Pollux:

267 2763 349 2812 Sic
368 2764 506 2825 jacet
534 2764 600 2811 ad
631 2764 860 2826 Gangen,
888 2766 1024 2813 Indis
1055 2765 1387 2822 ululantibus,
1418 2763 1587 2811 Evan:

268 2853 350 2901 Sic
383 2853 549 2915 gravis
578 2851 779 2900 Alcides
812 2861 928 2916 post
956 2854 1162 2902 horrida
1187 2855 1331 2916 jussa
1356 2867 1601 2901 novercae
2435 2852 2501 2896 50

268 2941 533 2990 Gaudebat
560 2948 716 2989 strato
748 2941 879 2989 latus
909 2943 1148 2990 acclinare
1176 2943 1323 2989 leoni.

267 3031 431 3080 Parva
456 3031 655 3096 loquor,
688 3045 781 3079 nec
815 3030 937 3079 dum
971 3044 1129 3095 aequo
1159 3038 1268 3078 tuos
1283 3063 1297 3088 ,
1332 3029 1648 3087 Germanice,
1680 3028 1876 3076 wiltus:

361 3252 401 3282 v.
425 3251 482 3284 24.
506 3252 631 3295 Forte,
656 3251 811 3285 Liber-lor
835 3258 962 3285 smrn.
1009 3252 1065 3283 25.
1087 3250 1185 3291 Vulg.
1213 3252 1405 3283 At'rmzo
1427 3251 1470 3282 et.
1519 3251 1574 3283 38.
1599 3249 1772 3287 Indisqrr..
1819 3250 1874 3283 41.
1899 3255 2036 3289 vetris,
2060 3256 2137 3282 εει).
2186 3250 2240 3282 50.
2265 3254 2459 3280 nsvmscs.

1634 3304 1751 3355 N2
