2892 3840
19 398 62 615 .,,ςᾉ”ῥξκῇ.ἤέῧῖκ
36 383 38 385 .
30 327 65 357 ,pm
26 287 49 314 'a‘
51 270 62 278 ἐξ
31 253 43 259 3
49 235 51 238 -
30 153 32 155 ,

69 484 71 486 ’
66 329 70 331 ’
62 172 83 229 uf»
74 148 83 161 ,;

87 82 125 152 first-z«

814 434 1390 503 Α,διινΑιιυΜ
1456 434 1768 484 L1n.1v.

261 558 365 608 Seu
394 571 577 622 campo
597 556 755 623 pedes
783 558 860 606 ire
889 573 1065 624 paras,
1098 566 1179 607 est
1206 561 1408 622 agmina
1438 575 1591 624 supra

258 647 537 699 Nutaturus
568 662 728 712 apex3
759 662 851 696 seu
879 648 1023 696 fiena
1054 650 1287 698 sonantia
1312 650 1499 708 flectes,

259 738 461 788 serviet
493 753 640 802 asper
674 753 844 803 equus.
911 737 1017 786 Nos
1052 738 1191 786 facta
1215 739 1380 787 aliena
1410 739 1637 787 canendo

258 827 523 890 vergimur
555 829 611 874 in
642 830 862 876 senium:
896 829 1112 892 propriis
1146 835 1217 876 tu.
1234 829 1439 893 pulcher
1473 830 1529 876 in
1566 831 1729 878 armis·

258 918 371 982 Ipse
400 917 625 965 canenda
660 931 827 978 gereS,
860 919 1152 982 patriaeque
1187 919 1425 983 exempla
1452 919 1667 982 parabis

257 1006 442 1068 Magna
468 1013 639 1071 pater,
670 1006 945 1069 dignosque
984 1008 1261 1054 etiamnum
1294 1007 1501 1069 belliger
1535 1016 1673 1056 actus

256 1095 423 1143 Poscit
452 1109 610 1153 avus,
636 1100 957 1158 praestatque
989 1094 1134 1141 domi·
1157 1097 1362 1144 novisse
1397 1097 1692 1159 triumphos.

256 1184 416 1244 Surge
448 1182 689 1244 agedum,
714 1183 1055 1246 ,iuvenemque
1084 1197 1211 1246 puer
1240 1183 1497 1247 deprende
1525 1192 1802 1248 parentem,

254 1273 531 1321 Stemmate
560 1279 790 1318 materno
820 1271 974 1329 felix,
1005 1273 1195 1321 virtute
1224 1281 1447 1337 paterna.

252 1360 367 1410 Jam
399 1368 450 1407 te
481 1360 667 1408 blanda
701 1361 819 1408 sinu
852 1359 1007 1422 Tyrio
1040 1362 1137 1409 sibi
1172 1361 1324 1410 Curia
1353 1362 1482 1410 felix

252 1450 474 1507 Educat‚
511 1456 564 1496 et
601 1457 801 1497 cunctas
836 1450 1022 1511 gaudet
1053 1450 1302 1515 spondere
1338 1452 1545 1499 curules.

253 1538 393 1587 Haec
422 1553 514 1600 ego
546 1537 841 1586 Chalcidicis
874 1539 942 1586 ad
970 1547 1047 1597 te,
1075 1539 1334 1597 Marcelle,
1370 1541 1618 1588 sonabam

252 1627 506 1675 Litoribus
524 1661 547 1684 ,.
572 1628 755 1675 fractas
788 1626 875 1675 ubi
909 1628 1125 1676 Vesbius
1161 1630 1308 1690 erigit
1333 1630 1454 1688 iras,

253 1717 468 1765 Aemula
497 1716 766 1765 Trinacriis
799 1718 1012 1767 volvens
1043 1718 1277 1765 incendia
1307 1719 1535 1766 flammis.

253 1807 384 1855 Mira
412 1806 564 1854 fides!
595 1806 829 1854 credetne
860 1808 1031 1856 virum
1065 1815 1283 1856 ventura
1309 1823 1548 1872 propago,

256 1895 383 1945 Cum
419 1902 614 1956 segetes
642 1896 858 1953 iterum,
890 1910 1003 1943 cum
1029 1897 1137 1957 J'am
1168 1896 1292 1943 haec
1327 1897 1528 1944 deserta
1562 1897 1813 1955 virebunt,

252 1986 389 2032 Infra
422 1984 572 2031 urbes
601 1985 910 2049 populosque
938 1987 1128 2050 premi,
1157 1988 1485 2050 proavitaque
1515 1994 1622 2033 toto

255 2074 390 2121 Rura
421 2073 604 2121 abiisse
638 2074 797 2122 mari?
843 2090 935 2123 nec
974 2075 1095 2123 dum
1131 2076 1279 2122 letale
1314 2077 1498 2123 minari

257 2161 436 2211 Cessat
469 2177 618 2226 apex.
687 2165 860 2228 procul
893 2165 996 2213 ista
1026 2166 1125 2212 tuis
1138 2199 1152 2223 ,
1186 2164 1355 2213 Tifata
1368 2199 1382 2223 ,
1419 2164 1598 2225 Teate,

254 2251 359 2300 Nec
393 2252 701 2300 Marrucinos
732 2262 848 2315 agat
877 2254 1002 2302 haec
1034 2256 1235 2302 insania
1263 2262 1483 2302 montes.

252 2340 399 2390 Nunc
427 2343 471 2388 si
505 2343 650 2400 forte,
671 2346 798 2390 meis
827 2358 955 2407 quae
990 2344 1091 2391 sint
1128 2343 1341 2391 exordia
1370 2343 1529 2392 Musis

253 2430 390 2478 Scire
423 2432 589 2494 petis,
610 2434 719 2494 Jam
754 2432 988 2481 Sidonios
1023 2446 1229 2479 emensa
1265 2431 1469 2480 labores¹

255 2518 470 2566 Thebai's
503 2528 674 2584 optato
710 2522 907 2583 collegit
940 2521 1146 2570 carbasa
1178 2529 1354 2585 portu:

253 2607 554 2672 Parnasique
582 2612 744 2672 jugis,
775 2612 1000 2675 silvaque
1030 2610 1326 2658 Heliconide
1362 2611 1504 2658 festis

256 2695 391 2744 Tura
423 2696 564 2745 dedit
597 2700 845 2759 flammis,
873 2708 926 2748 et
957 2701 1168 2762 virginis
1200 2708 1323 2747 exta
1349 2701 1622 2762 juvencae,

254 2785 577 2849 votiferaque
607 2803 747 2836 meas
776 2789 1039 2852 suspendit
1067 2791 1131 2839 ab
1163 2791 1339 2838 arbore
1373 2791 1551 2838 vittas„

253 2873 396 2921 Nunc
422 2890 608 2922 vacuos
644 2878 803 2925 crines
839 2879 937 2926 alio
971 2880 1106 2927 subit
1138 2880 1298 2927 infula
1331 2894 1494 2926 nexu:

254 2962 405 3025 Troja
439 2964 640 3027 quidem
654 2999 674 3023 ,.
698 2981 1004 3031 magnusque
1035 2968 1161 3014 mihi
1189 2975 1410 3016 tentatur
1449 2967 1694 3023 Achilles;

341 3209 381 3239 V.
410 3209 465 3240 72.
501 3209 600 3247 Vufg.
634 3210 757 3247 Magna
781 3216 917 3240 canes:
950 3209 1134 3247 dignosque
1169 3208 1232 3242 ete.
1284 3210 1338 3238 76.
1369 3213 1513 3240 atoma.
1560 3207 1616 3239 7⁹.
1648 3213 1791 3239 Renum.

253 3269 344 3294 FATA
357 3285 366 3303 ,
387 3264 503 3296 Teate.

2409 444 2506 494 109

2441 839 2509 883 70

2439 1279 2505 1323 75

2437 2169 2499 2212 85

1839 3208 1893 3239 85.
1922 3208 2045 3247 Forte,
2074 3210 2191 3247 procul
2216 3209 2280 3240 ista
2305 3216 2388 3241 ’rmi-
2408 3216 2498 3240 swr-
