2892 3840
2623 27 2652 86 »ἐξ
2644 6 2645 11 Α

2651 17 2676 98 ..²354-

2676 45 2698 103 sal-¹³3?
2683 24 2696 35 Υ

399 391 552 486 ΓΞΜ)
1193 443 1236 479 Ρ.
1306 442 1679 480 PAP1N11
1754 415 2073 485 s‘vrA'rrr

490 556 644 606 Parca
676 569 868 606 manus.
941 569 1037 619 quo
1072 553 1193 604 diva
1227 553 1361 603 feros
1389 555 1556 617 gravis
1594 556 1763 605 exeris
1796 557 2020 619 ungues?

489 644 603 696 Non
637 653 688 694 te
722 645 885 694 forma
916 642 1119 693 movet?
1150 656 1255 691 non
1288 649 1338 691 te
1372 643 1690 694 lacrimabilis
1724 645 1897 694 aetas?

491 735 638 785 Hunc
662 749 754 782 nec
786 748 940 782 saeva
972 732 1085 781 viro
1115 734 1366 796 potuisset
1401 750 1604 800 carpere
1640 735 1847 795 Procne,
2637 745 2737 792 140

494 825 596 874 Nec
626 825 734 871 fera
761 821 984 870 crudeles
1016 819 1213 869 Colchis
1240 821 1473 871 durasset
1496 825 1553 871 in
1582 825 1700 883 iras,

495 914 675 961 Editus
706 910 885 958 Aeolia
913 923 1006 956 nec
1040 910 1084 956 si
1115 908 1246 957 foret
1274 911 1372 958 iste
1409 910 1622 960 Creusa:

498 1002 692 1050 Torvus
728 999 790 1047 ab
824 999 919 1045 hoc
950 996 1195 1046 Athamas
1222 1001 1427 1048 insanos
1459 1000 1683 1050 flecteret
1717 1017 1874 1052 arcus.

493 1090 664 1147 Hunc,
700 1102 1001 1152 quamquam
1031 1086 1305 1137 Hectoreos
1338 1090 1553 1146 cineres,
1589 1086 1889 1159 Trojamque
1922 1107 2147 1160 perosus,
2594 1146 2596 1151 Α

495 1179 736 1227 Turribus
767 1194 794 1224 e
824 1177 1055 1239 Phrygiis
1087 1177 1257 1225 flesset
1291 1179 1536 1227 missurus
1563 1175 1757 1227 Ulixes.
2640 1187 2736 1234 145

494 1269 720 1332 Septima
752 1266 866 1314 lux:
899 1273 950 1313 et
979 1266 1082 1328 jam
1113 1265 1348 1327 frigentia
1366 1267 1565 1330 'lumina
1596 1273 1813 1330 torpent,

492 1356 605 1406 Jam
637 1355 902 1420 complexa
932 1368 1086 1401 manu
1118 1355 1306 1402 crinem
1342 1362 1481 1401 tenet
1503 1355 1671 1403 Infera
1698 1353 1842 1402 Juno.

491 1447 578 1495 Ille
617 1453 813 1501 tamen,
841 1443 1008 1491 Parcis
1040 1443 1239 1505 fragiles
1272 1444 1564 1505 urgentibus
1595 1459 1770 1502 annos,

496 1535 568 1584 Te
601 1534 747 1584 vultu
775 1533 1021 1579 moriente
1052 1532 1224 1591 videt,
1259 1532 1525 1596 linguaque
1562 1533 1772 1584 cadente

493 1626 796 1674 Murmurat:
832 1623 888 1669 in
913 1627 963 1667 te
1001 1634 1175 1668 omnes
1209 1622 1356 1670 vacui
1383 1622 1492 1684 jam
1523 1624 1739 1686 pectoris
1774 1623 1906 1672 efflat
2461 1646 2465 1651 -
2638 1627 2739 1675 150

493 1715 787 1777 Relliquias:
818 1710 980 1757 solum
1009 1709 1263 1768 meminit,
1295 1709 1554 1774 solumque
1588 1720 1855 1762 vocantem

494 1802 745 1853 Exaudit:
774 1800 963 1862 tibique
997 1814 1085 1845 ora
1115 1806 1312 1857 movet,
1343 1800 1436 1847 tibi
1468 1801 1626 1850 verba
1658 1802 1911 1865 relinquit,

495 1894 564 1941 Et
592 1889 824 1957 prohibet
850 1889 1088 1949 gemitus,
1122 1888 1501 1951 consolaturque
1530 1889 1798 1941 dolentem.

497 1982 707 2029 Gratum
743 1984 843 2035 est,
874 1976 1028 2034 Fata,
1064 1983 1260 2035 tamen,
1293 1977 1427 2041 quod
1456 1994 1560 2026 non
1593 1996 1729 2032 mors
1760 1981 1898 2030 lenta
1922 1980 2136 2042 Jacentis

494 2069 688 2120 Exedit
715 2067 905 2131 puerile
942 2065 1119 2123 decus,
1148 2080 1420 2129 manesque
1458 2068 1648 2118 subivit
2641 2074 2735 2122 155
2789 2084 2792 2085 ’

496 2162 717 2219 Integer,
754 2163 804 2203 et
832 2154 967 2201 nullo
1004 2161 1276 2202 temeratus
1311 2171 1517 2220 corpora
1551 2157 1752 2218 damno,

501 2247 671 2307 Qualis
702 2251 821 2291 erat.
894 2242 1025 2300 Quid
1058 2258 1148 2304 ego
1180 2246 1449 2308 exequias,
1478 2252 1529 2291 et
1561 2247 1773 2308 prodiga
1806 2249 2021 2297 flammis

498 2339 648 2386 Dona
673 2334 871 2396 loquar,
903 2338 1195 2393 moestoque
1231 2334 1460 2379 ardentia
1493 2333 1671 2381 funera
1703 2336 1861 2384 luxu?

501 2424 647 2485 Quod
676 2424 768 2470 tibi
792 2435 1043 2486 purpureo
1075 2421 1232 2467 tristis
1268 2427 1405 2467 torus
1436 2436 1613 2486 aggere
1647 2423 1835 2475 crevit:

501 2515 646 2576 Quod
679 2512 887 2560 Cilicum
918 2511 1087 2567 flores,
1116 2509 1249 2574 quod
1279 2524 1489 2560 munera
1521 2511 1758 2571 graminis
1790 2511 1918 2571 Indi,
2641 2520 2740 2568 160

502 2603 743 2665 Quodque
771 2599 988 2655 Arabes,
1017 2598 1307 2659 Phariique,
1340 2598 1705 2662 Palaestinique
1732 2600 1948 2663 liquores

502 2693 744 2742 Arsuram
777 2689 945 2736 lavere
979 2702 1185 2733 comam.
1256 2687 1392 2748 cupit
1426 2688 1595 2734 omnia
1628 2687 1759 2733 ferre

503 2781 744 2841 Prodigus
766 2811 779 2834 ,
810 2783 860 2822 et
891 2783 1022 2823 totos
1055 2775 1231 2821 Melior
1260 2774 1558 2821 succendere
1592 2790 1785 2835 census,

502 2873 741 2920 Desertas
773 2880 958 2913 exosus
995 2879 1139 2927 opes:
1171 2863 1261 2910 sed
1295 2878 1397 2909 11011
1423 2866 1555 2928 capit
1580 2865 1709 2928 ignis

504 2934 710 3009 Invidus
731 2991 744 3014 ,
778 2962 925 3017 atque
958 2961 1094 3000 artae
1130 2952 1312 2999 desunt
1340 2954 1393 2998 in
1427 2969 1637 3005 munera
1670 2954 1914 3006 flammae.
2639 2961 2732 3008 165

508 3049 697 3097 Horror
733 3044 886 3092 habet
920 3058 1118 3090 sensus:
1153 3043 1350 3106 qualem
1375 3049 1423 3089 te
1457 3043 1631 3090 funere
1657 3059 1870 3103 summo,
2719 3039 2725 3043 ’

605 3257 646 3287 V.
677 3256 750 3287 138.
775 3253 873 3292 vulg.
899 3258 1045 3282 meurs.
1094 3253 1168 3284 143.
1195 3260 1244 3284 AD
1271 3260 1375 3284 noxe.
1425 3256 1499 3285 150.
1524 3261 1641 3289 oms-rs,
1698 3257 1774 3288 159.
1796 3261 1925 3287 accus.
1977 3256 2054 3287 161.
2071 3260 2192 3288 uzu
2214 3261 2280 3287 κατ
2299 3261 2446 3292 unioni:
2467 3240 2627 3296 liquam
