<?xml version="1.0" encoding="UTF-8"?>
<!DOCTYPE html PUBLIC "-//W3C//DTD XHTML 1.0 Transitional//EN"
    "http://www.w3.org/TR/xhtml1/DTD/xhtml1-transitional.dtd">
<html xmlns="http://www.w3.org/1999/xhtml" xml:lang="en" lang="en">
 <head>
  <title>
</title>
<meta http-equiv="Content-Type" content="text/html;charset=utf-8" />
  <meta name='ocr-system' content='tesseract 3.04.00' />
  <meta name='ocr-capabilities' content='ocr_page ocr_carea ocr_par ocr_line ocrx_word'/>
</head>
<body>
  <div class='ocr_page' id='page_1' title='image "./ppapiniistatiili00statuoft_0167.png"; bbox 0 0 2892 3840; ppageno 0'>
   <div class='ocr_carea' id='block_1_1' title="bbox 0 0 342 482">
    <p class='ocr_par' dir='ltr' id='par_1_1' title="bbox 0 0 342 482">
     <span class='ocr_line' id='line_1_1' title="bbox 0 0 342 482; baseline 0 3358"><span class='ocrx_word' id='word_1_1' title='bbox 0 0 342 482; x_wconf 95' lang='lat' dir='ltr'><strong> </strong></span> 
     </span>
    </p>
   </div>
   <div class='ocr_carea' id='block_1_2' title="bbox 981 385 1805 478">
    <p class='ocr_par' dir='ltr' id='par_1_2' title="bbox 981 385 1805 478">
     <span class='ocr_line' id='line_1_2' title="bbox 981 385 1805 478; baseline -0.002 -10"><span class='ocrx_word' id='word_1_2' title='bbox 981 385 1446 478; x_wconf 15' lang='lat' dir='ltr'><strong>siznvanuu</strong></span> <span class='ocrx_word' id='word_1_3' title='bbox 1510 416 1680 467; x_wconf 68' lang='lat' dir='ltr'><strong>Lux.</strong></span> <span class='ocrx_word' id='word_1_4' title='bbox 1748 413 1805 467; x_wconf 82' lang='lat' dir='ltr'><strong>v.</strong></span> 
     </span>
    </p>
   </div>
   <div class='ocr_carea' id='block_1_3' title="bbox 253 541 1859 3010">
    <p class='ocr_par' dir='ltr' id='par_1_3' title="bbox 253 541 1722 1136">
     <span class='ocr_line' id='line_1_3' title="bbox 253 541 1599 608; baseline -0.004 -13"><span class='ocrx_word' id='word_1_5' title='bbox 253 547 474 608; x_wconf 82' lang='lat' dir='ltr'><strong>Longius</strong></span> <span class='ocrx_word' id='word_1_6' title='bbox 514 552 567 593; x_wconf 91' lang='lat' dir='ltr'><strong>et</strong></span> <span class='ocrx_word' id='word_1_7' title='bbox 604 558 795 594; x_wconf 87' lang='lat' dir='ltr'><strong>vacuae</strong></span> <span class='ocrx_word' id='word_1_8' title='bbox 825 544 1112 608; x_wconf 83' lang='lat' dir='ltr'><strong>posuissent</strong></span> <span class='ocrx_word' id='word_1_9' title='bbox 1145 545 1363 593; x_wconf 88' lang='lat' dir='ltr'><strong>stamina</strong></span> <span class='ocrx_word' id='word_1_10' title='bbox 1400 541 1599 590; x_wconf 81' lang='lat' dir='ltr'><strong>Parcae.</strong></span> 
     </span>
     <span class='ocr_line' id='line_1_4' title="bbox 253 632 1722 699; baseline -0.003 -16"><span class='ocrx_word' id='word_1_11' title='bbox 253 634 465 697; x_wconf 82' lang='lat' dir='ltr'><strong>Jamque</strong></span> <span class='ocrx_word' id='word_1_12' title='bbox 494 633 680 683; x_wconf 86' lang='lat' dir='ltr'><strong>cadunt</strong></span> <span class='ocrx_word' id='word_1_13' title='bbox 709 634 881 683; x_wconf 85' lang='lat' dir='ltr'><strong>vultus</strong></span> <span class='ocrx_word' id='word_1_14' title='bbox 895 666 910 691; x_wconf 90' lang='lat'>‚</span> <span class='ocrx_word' id='word_1_15' title='bbox 946 636 1198 699; x_wconf 85' lang='lat' dir='ltr'><strong>oculisque</strong></span> <span class='ocrx_word' id='word_1_16' title='bbox 1229 632 1536 681; x_wconf 84' lang='lat' dir='ltr'><strong>novissimus</strong></span> <span class='ocrx_word' id='word_1_17' title='bbox 1570 647 1722 692; x_wconf 89' lang='lat' dir='ltr'><strong>error,</strong></span> 
     </span>
     <span class='ocr_line' id='line_1_5' title="bbox 255 720 1528 788; baseline -0.002 -16"><span class='ocrx_word' id='word_1_18' title='bbox 255 723 574 788; x_wconf 86' lang='lat' dir='ltr'><strong>Obtusaeque</strong></span> <span class='ocrx_word' id='word_1_19' title='bbox 609 737 783 780; x_wconf 87' lang='lat' dir='ltr'><strong>aures,</strong></span> <span class='ocrx_word' id='word_1_20' title='bbox 811 723 912 770; x_wconf 88' lang='lat' dir='ltr'><strong>nisi</strong></span> <span class='ocrx_word' id='word_1_21' title='bbox 938 736 1052 770; x_wconf 91' lang='lat' dir='ltr'><strong>cum</strong></span> <span class='ocrx_word' id='word_1_22' title='bbox 1083 733 1193 768; x_wconf 90' lang='lat' dir='ltr'><strong>vox</strong></span> <span class='ocrx_word' id='word_1_23' title='bbox 1221 720 1329 768; x_wconf 89' lang='lat' dir='ltr'><strong>sola</strong></span> <span class='ocrx_word' id='word_1_24' title='bbox 1356 722 1528 769; x_wconf 89' lang='lat' dir='ltr'><strong>mariti</strong></span> 
     </span>
     <span class='ocr_line' id='line_1_6' title="bbox 254 809 1615 861; baseline -0.001 -1"><span class='ocrx_word' id='word_1_25' title='bbox 254 812 499 861; x_wconf 87' lang='lat' dir='ltr'><strong>Noscitur.</strong></span> <span class='ocrx_word' id='word_1_26' title='bbox 569 812 710 859; x_wconf 91' lang='lat' dir='ltr'><strong>illum</strong></span> <span class='ocrx_word' id='word_1_27' title='bbox 741 826 898 859; x_wconf 91' lang='lat' dir='ltr'><strong>unum</strong></span> <span class='ocrx_word' id='word_1_28' title='bbox 925 810 1095 859; x_wconf 86' lang='lat' dir='ltr'><strong>media</strong></span> <span class='ocrx_word' id='word_1_29' title='bbox 1124 809 1188 857; x_wconf 90' lang='lat' dir='ltr'><strong>de</strong></span> <span class='ocrx_word' id='word_1_30' title='bbox 1215 817 1379 857; x_wconf 89' lang='lat' dir='ltr'><strong>morte</strong></span> <span class='ocrx_word' id='word_1_31' title='bbox 1406 825 1615 860; x_wconf 88' lang='lat' dir='ltr'><strong>reversa</strong></span> 
     </span>
     <span class='ocr_line' id='line_1_7' title="bbox 255 881 1649 962; baseline -0.002 -12"><span class='ocrx_word' id='word_1_32' title='bbox 255 903 397 950; x_wconf 88' lang='lat' dir='ltr'><strong>Mens</strong></span> <span class='ocrx_word' id='word_1_33' title='bbox 424 900 594 960; x_wconf 82' lang='lat' dir='ltr'><strong>videt3</strong></span> <span class='ocrx_word' id='word_1_34' title='bbox 633 901 774 948; x_wconf 87' lang='lat' dir='ltr'><strong>illum</strong></span> <span class='ocrx_word' id='word_1_35' title='bbox 808 902 970 962; x_wconf 84' lang='lat' dir='ltr'><strong>aegris</strong></span> <span class='ocrx_word' id='word_1_36' title='bbox 1005 881 1269 947; x_wconf 64' lang='lat' dir='ltr'><strong>circundat</strong></span> <span class='ocrx_word' id='word_1_37' title='bbox 1289 899 1486 947; x_wconf 89' lang='lat' dir='ltr'><strong>fortiter</strong></span> <span class='ocrx_word' id='word_1_38' title='bbox 1518 899 1649 948; x_wconf 85' lang='lat' dir='ltr'><strong>ulnis</strong></span> 
     </span>
     <span class='ocr_line' id='line_1_8' title="bbox 254 985 1480 1050; baseline -0.002 -12"><span class='ocrx_word' id='word_1_39' title='bbox 254 992 494 1039; x_wconf 86' lang='lat' dir='ltr'><strong>Immotas</strong></span> <span class='ocrx_word' id='word_1_40' title='bbox 527 989 742 1037; x_wconf 89' lang='lat' dir='ltr'><strong>obversa</strong></span> <span class='ocrx_word' id='word_1_41' title='bbox 776 1005 928 1050; x_wconf 87' lang='lat' dir='ltr'><strong>genas</strong></span> <span class='ocrx_word' id='word_1_42' title='bbox 936 1005 949 1047; x_wconf 92' lang='lat'>;</span> <span class='ocrx_word' id='word_1_43' title='bbox 984 1004 1076 1035; x_wconf 91' lang='lat' dir='ltr'><strong>nec</strong></span> <span class='ocrx_word' id='word_1_44' title='bbox 1104 985 1208 1031; x_wconf 88' lang='lat' dir='ltr'><strong>sole</strong></span> <span class='ocrx_word' id='word_1_45' title='bbox 1246 1000 1480 1049; x_wconf 88' lang='lat' dir='ltr'><strong>supremo</strong></span> 
     </span>
     <span class='ocr_line' id='line_1_9' title="bbox 255 1076 1452 1136; baseline -0.005 -8"><span class='ocrx_word' id='word_1_46' title='bbox 255 1081 496 1136; x_wconf 85' lang='lat' dir='ltr'><strong>Lumina,</strong></span> <span class='ocrx_word' id='word_1_47' title='bbox 526 1077 617 1125; x_wconf 89' lang='lat' dir='ltr'><strong>sed</strong></span> <span class='ocrx_word' id='word_1_48' title='bbox 646 1077 778 1124; x_wconf 89' lang='lat' dir='ltr'><strong>dulci</strong></span> <span class='ocrx_word' id='word_1_49' title='bbox 808 1078 1005 1125; x_wconf 87' lang='lat' dir='ltr'><strong>mavult</strong></span> <span class='ocrx_word' id='word_1_50' title='bbox 1037 1076 1220 1123; x_wconf 87' lang='lat' dir='ltr'><strong>satiare</strong></span> <span class='ocrx_word' id='word_1_51' title='bbox 1254 1078 1452 1123; x_wconf 89' lang='lat' dir='ltr'><strong>marito.</strong></span> 
     </span>
    </p>

    <p class='ocr_par' dir='ltr' id='par_1_4' title="bbox 255 1163 1654 1318">
     <span class='ocr_line' id='line_1_10' title="bbox 257 1163 1616 1216; baseline -0.004 0"><span class='ocrx_word' id='word_1_52' title='bbox 257 1169 396 1216; x_wconf 90' lang='lat' dir='ltr'><strong>Tunc</strong></span> <span class='ocrx_word' id='word_1_53' title='bbox 427 1169 498 1215; x_wconf 92' lang='lat' dir='ltr'><strong>sic</strong></span> <span class='ocrx_word' id='word_1_54' title='bbox 531 1166 825 1212; x_wconf 90' lang='lat' dir='ltr'><strong>unanimum</strong></span> <span class='ocrx_word' id='word_1_55' title='bbox 858 1166 1078 1212; x_wconf 90' lang='lat' dir='ltr'><strong>moriens</strong></span> <span class='ocrx_word' id='word_1_56' title='bbox 1114 1163 1303 1210; x_wconf 86' lang='lat' dir='ltr'><strong>solatur</strong></span> <span class='ocrx_word' id='word_1_57' title='bbox 1337 1171 1616 1211; x_wconf 86' lang='lat' dir='ltr'><strong>amantem:</strong></span> 
     </span>
     <span class='ocr_line' id='line_1_11' title="bbox 255 1242 1654 1318; baseline -0.003 -14"><span class='ocrx_word' id='word_1_58' title='bbox 255 1257 388 1304; x_wconf 80' lang='lat' dir='ltr'>PARS</span> <span class='ocrx_word' id='word_1_59' title='bbox 428 1256 627 1303; x_wconf 89' lang='lat' dir='ltr'><strong>animae</strong></span> <span class='ocrx_word' id='word_1_60' title='bbox 657 1255 854 1303; x_wconf 88' lang='lat' dir='ltr'><strong>victura</strong></span> <span class='ocrx_word' id='word_1_61' title='bbox 880 1268 1052 1310; x_wconf 88' lang='lat' dir='ltr'><strong>meae,</strong></span> <span class='ocrx_word' id='word_1_62' title='bbox 1088 1242 1167 1301; x_wconf 80' lang='lat' dir='ltr'><strong>cui</strong></span> <span class='ocrx_word' id='word_1_63' title='bbox 1192 1253 1416 1316; x_wconf 87' lang='lat' dir='ltr'><strong>linquere</strong></span> <span class='ocrx_word' id='word_1_64' title='bbox 1449 1267 1654 1318; x_wconf 85' lang='lat' dir='ltr'><strong>possem</strong></span> 
     </span>
    </p>

    <p class='ocr_par' dir='ltr' id='par_1_5' title="bbox 253 1339 1859 2388">
     <span class='ocr_line' id='line_1_12' title="bbox 255 1339 1611 1407; baseline -0.004 -13"><span class='ocrx_word' id='word_1_65' title='bbox 255 1346 298 1394; x_wconf 91' lang='grc' dir='ltr'><strong>Ο</strong></span> <span class='ocrx_word' id='word_1_66' title='bbox 327 1346 521 1393; x_wconf 87' lang='lat' dir='ltr'><strong>utinam</strong></span> <span class='ocrx_word' id='word_1_67' title='bbox 551 1358 674 1407; x_wconf 88' lang='lat' dir='ltr'><strong>quos</strong></span> <span class='ocrx_word' id='word_1_68' title='bbox 706 1343 833 1392; x_wconf 88' lang='lat' dir='ltr'><strong>dura</strong></span> <span class='ocrx_word' id='word_1_69' title='bbox 860 1342 986 1391; x_wconf 90' lang='lat' dir='ltr'><strong>mihi</strong></span> <span class='ocrx_word' id='word_1_70' title='bbox 1019 1343 1153 1406; x_wconf 85' lang='lat' dir='ltr'><strong>rapit</strong></span> <span class='ocrx_word' id='word_1_71' title='bbox 1180 1339 1399 1406; x_wconf 88' lang='lat' dir='ltr'><strong>Atropos</strong></span> <span class='ocrx_word' id='word_1_72' title='bbox 1435 1357 1611 1399; x_wconf 90' lang='lat' dir='ltr'><strong>annos,</strong></span> 
     </span>
     <span class='ocr_line' id='line_1_13' title="bbox 254 1430 1745 1499; baseline -0.005 -16"><span class='ocrx_word' id='word_1_73' title='bbox 254 1435 405 1483; x_wconf 84' lang='lat' dir='ltr'><strong>Parce</strong></span> <span class='ocrx_word' id='word_1_74' title='bbox 440 1449 614 1499; x_wconf 82' lang='lat' dir='ltr'><strong>precor</strong></span> <span class='ocrx_word' id='word_1_75' title='bbox 647 1433 891 1489; x_wconf 82' lang='lat' dir='ltr'><strong>lacrimis,</strong></span> <span class='ocrx_word' id='word_1_76' title='bbox 932 1446 1086 1479; x_wconf 84' lang='lat' dir='ltr'><strong>saevo</strong></span> <span class='ocrx_word' id='word_1_77' title='bbox 1120 1446 1213 1478; x_wconf 91' lang='lat' dir='ltr'><strong>nec</strong></span> <span class='ocrx_word' id='word_1_78' title='bbox 1247 1439 1453 1479; x_wconf 87' lang='lat' dir='ltr'><strong>concute</strong></span> <span class='ocrx_word' id='word_1_79' title='bbox 1487 1430 1716 1494; x_wconf 77' lang='lat' dir='ltr'><strong>planctu·</strong></span> <span class='ocrx_word' id='word_1_80' title='bbox 1740 1443 1745 1448; x_wconf 53' lang='lat'>¹</span> 
     </span>
     <span class='ocr_line' id='line_1_14' title="bbox 254 1518 1676 1586; baseline -0.004 -16"><span class='ocrx_word' id='word_1_81' title='bbox 254 1523 488 1581; x_wconf 85' lang='lat' dir='ltr'><strong>Pectora,</strong></span> <span class='ocrx_word' id='word_1_82' title='bbox 524 1538 617 1569; x_wconf 89' lang='lat' dir='ltr'><strong>nec</strong></span> <span class='ocrx_word' id='word_1_83' title='bbox 652 1522 815 1569; x_wconf 89' lang='lat' dir='ltr'><strong>crucia</strong></span> <span class='ocrx_word' id='word_1_84' title='bbox 850 1518 1126 1586; x_wconf 69' lang='lat' dir='ltr'><strong>fugientem</strong></span> <span class='ocrx_word' id='word_1_85' title='bbox 1162 1520 1384 1581; x_wconf 84' lang='lat' dir='ltr'><strong>conjugis</strong></span> <span class='ocrx_word' id='word_1_86' title='bbox 1419 1519 1676 1567; x_wconf 90' lang='lat' dir='ltr'><strong>umbram..</strong></span> 
     </span>
     <span class='ocr_line' id='line_1_15' title="bbox 253 1607 1859 1675; baseline -0.001 -16"><span class='ocrx_word' id='word_1_87' title='bbox 253 1612 448 1675; x_wconf 91' lang='lat' dir='ltr'><strong>Linquo</strong></span> <span class='ocrx_word' id='word_1_88' title='bbox 484 1610 715 1675; x_wconf 87' lang='lat' dir='ltr'><strong>equidem</strong></span> <span class='ocrx_word' id='word_1_89' title='bbox 753 1609 999 1656; x_wconf 86' lang='lat' dir='ltr'><strong>thalamos</strong></span> <span class='ocrx_word' id='word_1_90' title='bbox 1035 1609 1198 1673; x_wconf 89' lang='lat' dir='ltr'><strong>(salvo</strong></span> <span class='ocrx_word' id='word_1_91' title='bbox 1235 1616 1406 1655; x_wconf 89' lang='lat' dir='ltr'><strong>tamen</strong></span> <span class='ocrx_word' id='word_1_92' title='bbox 1441 1607 1640 1672; x_wconf 89' lang='lat' dir='ltr'><strong>ordine)</strong></span> <span class='ocrx_word' id='word_1_93' title='bbox 1675 1610 1859 1658; x_wconf 89' lang='lat' dir='ltr'><strong>moesti</strong></span> 
     </span>
     <span class='ocr_line' id='line_1_16' title="bbox 255 1698 1456 1765; baseline -0.002 -18"><span class='ocrx_word' id='word_1_94' title='bbox 255 1698 400 1759; x_wconf 80' lang='lat' dir='ltr'><strong>Quod</strong></span> <span class='ocrx_word' id='word_1_95' title='bbox 432 1702 582 1765; x_wconf 88' lang='lat' dir='ltr'><strong>prior.</strong></span> <span class='ocrx_word' id='word_1_96' title='bbox 654 1701 804 1761; x_wconf 83' lang='lat' dir='ltr'><strong>exegi</strong></span> <span class='ocrx_word' id='word_1_97' title='bbox 838 1699 986 1760; x_wconf 84' lang='lat' dir='ltr'><strong>longa</strong></span> <span class='ocrx_word' id='word_1_98' title='bbox 1021 1699 1219 1763; x_wconf 90' lang='lat' dir='ltr'><strong>potiora</strong></span> <span class='ocrx_word' id='word_1_99' title='bbox 1253 1704 1456 1744; x_wconf 87' lang='lat' dir='ltr'><strong>senecta</strong></span> 
     </span>
     <span class='ocr_line' id='line_1_17' title="bbox 255 1788 1704 1854; baseline -0.001 -17"><span class='ocrx_word' id='word_1_100' title='bbox 255 1789 527 1854; x_wconf 82' lang='lat' dir='ltr'><strong>Tempora3</strong></span> <span class='ocrx_word' id='word_1_101' title='bbox 561 1790 672 1839; x_wconf 88' lang='lat' dir='ltr'><strong>vidi</strong></span> <span class='ocrx_word' id='word_1_102' title='bbox 707 1789 845 1836; x_wconf 90' lang='lat' dir='ltr'><strong>omni</strong></span> <span class='ocrx_word' id='word_1_103' title='bbox 880 1795 931 1835; x_wconf 89' lang='lat' dir='ltr'><strong>te</strong></span> <span class='ocrx_word' id='word_1_104' title='bbox 965 1788 1162 1852; x_wconf 89' lang='lat' dir='ltr'><strong>pridem</strong></span> <span class='ocrx_word' id='word_1_105' title='bbox 1196 1788 1251 1834; x_wconf 90' lang='lat' dir='ltr'><strong>in</strong></span> <span class='ocrx_word' id='word_1_106' title='bbox 1285 1788 1406 1841; x_wconf 81' lang='lat' dir='ltr'><strong>flore</strong></span> <span class='ocrx_word' id='word_1_107' title='bbox 1439 1788 1704 1845; x_wconf 83' lang='lat' dir='ltr'><strong>nitentem,</strong></span> 
     </span>
     <span class='ocr_line' id='line_1_18' title="bbox 260 1856 1665 1942; baseline -0.004 -16"><span class='ocrx_word' id='word_1_108' title='bbox 260 1878 377 1926; x_wconf 78' lang='lat' dir='ltr'><strong>vidi</strong></span> <span class='ocrx_word' id='word_1_109' title='bbox 412 1879 543 1926; x_wconf 90' lang='lat' dir='ltr'><strong>altae</strong></span> <span class='ocrx_word' id='word_1_110' title='bbox 577 1856 781 1942; x_wconf 86' lang='lat' dir='ltr'><strong>propius</strong></span> <span class='ocrx_word' id='word_1_111' title='bbox 815 1878 1118 1940; x_wconf 88' lang='lat' dir='ltr'><strong>propiusque</strong></span> <span class='ocrx_word' id='word_1_112' title='bbox 1154 1875 1390 1923; x_wconf 87' lang='lat' dir='ltr'><strong>accedere</strong></span> <span class='ocrx_word' id='word_1_113' title='bbox 1426 1874 1665 1922; x_wconf 77' lang='lat' dir='ltr'><strong>dextrae:</strong></span> 
     </span>
     <span class='ocr_line' id='line_1_19' title="bbox 260 1963 1526 2028; baseline -0.006 -12"><span class='ocrx_word' id='word_1_114' title='bbox 260 1968 375 2017; x_wconf 81' lang='lat' dir='ltr'><strong>Non</strong></span> <span class='ocrx_word' id='word_1_115' title='bbox 411 1970 467 2015; x_wconf 90' lang='lat' dir='ltr'><strong>in</strong></span> <span class='ocrx_word' id='word_1_116' title='bbox 502 1977 552 2015; x_wconf 91' lang='lat' dir='ltr'><strong>te</strong></span> <span class='ocrx_word' id='word_1_117' title='bbox 587 1967 760 2024; x_wconf 70' lang='lat' dir='ltr'><strong>Fatis,</strong></span> <span class='ocrx_word' id='word_1_118' title='bbox 790 1982 893 2013; x_wconf 87' lang='lat' dir='ltr'><strong>non</strong></span> <span class='ocrx_word' id='word_1_119' title='bbox 920 1967 1028 2028; x_wconf 91' lang='lat' dir='ltr'><strong>jam</strong></span> <span class='ocrx_word' id='word_1_120' title='bbox 1064 1963 1378 2013; x_wconf 72' lang='lat' dir='ltr'><strong>Caelestibus</strong></span> <span class='ocrx_word' id='word_1_121' title='bbox 1410 1963 1526 2010; x_wconf 86' lang='lat' dir='ltr'><strong>ullis</strong></span> 
     </span>
     <span class='ocr_line' id='line_1_20' title="bbox 257 2053 1618 2116; baseline -0.004 -11"><span class='ocrx_word' id='word_1_122' title='bbox 257 2057 562 2105; x_wconf 88' lang='lat' dir='ltr'><strong>Arbitrium:</strong></span> <span class='ocrx_word' id='word_1_123' title='bbox 598 2071 795 2103; x_wconf 90' lang='lat' dir='ltr'><strong>mecum</strong></span> <span class='ocrx_word' id='word_1_124' title='bbox 828 2057 927 2103; x_wconf 89' lang='lat' dir='ltr'><strong>ista</strong></span> <span class='ocrx_word' id='word_1_125' title='bbox 962 2056 1083 2103; x_wconf 81' lang='lat' dir='ltr'><strong>feru.</strong></span> <span class='ocrx_word' id='word_1_126' title='bbox 1154 2060 1211 2099; x_wconf 90' lang='lat' dir='ltr'><strong>tu</strong></span> <span class='ocrx_word' id='word_1_127' title='bbox 1244 2053 1404 2099; x_wconf 89' lang='lat' dir='ltr'><strong>limite</strong></span> <span class='ocrx_word' id='word_1_128' title='bbox 1441 2061 1618 2116; x_wconf 91' lang='lat' dir='ltr'><strong>coepto</strong></span> 
     </span>
     <span class='ocr_line' id='line_1_21' title="bbox 258 2141 1814 2208; baseline -0.003 -14"><span class='ocrx_word' id='word_1_129' title='bbox 258 2146 431 2194; x_wconf 89' lang='lat' dir='ltr'><strong>Tende</strong></span> <span class='ocrx_word' id='word_1_130' title='bbox 467 2147 651 2203; x_wconf 90' lang='lat' dir='ltr'><strong>libens,</strong></span> <span class='ocrx_word' id='word_1_131' title='bbox 688 2159 980 2208; x_wconf 90' lang='lat' dir='ltr'><strong>sacrumque</strong></span> <span class='ocrx_word' id='word_1_132' title='bbox 1017 2143 1173 2199; x_wconf 88' lang='lat' dir='ltr'><strong>latus,</strong></span> <span class='ocrx_word' id='word_1_133' title='bbox 1208 2141 1519 2206; x_wconf 86' lang='lat' dir='ltr'><strong>Geniumque</strong></span> <span class='ocrx_word' id='word_1_134' title='bbox 1555 2149 1814 2206; x_wconf 88' lang='lat' dir='ltr'><strong>potentem</strong></span> 
     </span>
     <span class='ocr_line' id='line_1_22' title="bbox 255 2231 1642 2298; baseline -0.003 -16"><span class='ocrx_word' id='word_1_135' title='bbox 255 2235 558 2298; x_wconf 90' lang='lat' dir='ltr'><strong>Irrequietus</strong></span> <span class='ocrx_word' id='word_1_136' title='bbox 594 2250 721 2282; x_wconf 88' lang='lat' dir='ltr'><strong>ama.</strong></span> <span class='ocrx_word' id='word_1_137' title='bbox 790 2248 948 2292; x_wconf 90' lang='lat' dir='ltr'><strong>nunc,</strong></span> <span class='ocrx_word' id='word_1_138' title='bbox 983 2231 1118 2297; x_wconf 91' lang='lat' dir='ltr'><strong>quod</strong></span> <span class='ocrx_word' id='word_1_139' title='bbox 1153 2232 1292 2296; x_wconf 88' lang='lat' dir='ltr'><strong>cupis</strong></span> <span class='ocrx_word' id='word_1_140' title='bbox 1325 2232 1436 2294; x_wconf 90' lang='lat' dir='ltr'><strong>ipse</strong></span> <span class='ocrx_word' id='word_1_141' title='bbox 1457 2231 1642 2294; x_wconf 83' lang='lat' dir='ltr'><strong>juberi,</strong></span> 
     </span>
     <span class='ocr_line' id='line_1_23' title="bbox 255 2321 1433 2388; baseline -0.004 -16"><span class='ocrx_word' id='word_1_142' title='bbox 255 2324 337 2371; x_wconf 89' lang='lat' dir='ltr'><strong>Da</strong></span> <span class='ocrx_word' id='word_1_143' title='bbox 372 2322 667 2388; x_wconf 87' lang='lat' dir='ltr'><strong>Capitolinis</strong></span> <span class='ocrx_word' id='word_1_144' title='bbox 703 2330 962 2370; x_wconf 86' lang='lat' dir='ltr'><strong>aeternum</strong></span> <span class='ocrx_word' id='word_1_145' title='bbox 999 2321 1203 2369; x_wconf 86' lang='lat' dir='ltr'><strong>sedibus</strong></span> <span class='ocrx_word' id='word_1_146' title='bbox 1238 2335 1433 2379; x_wconf 90' lang='lat' dir='ltr'><strong>aurum,</strong></span> 
     </span>
    </p>

    <p class='ocr_par' dir='ltr' id='par_1_6' title="bbox 257 2410 1568 2567">
     <span class='ocr_line' id='line_1_24' title="bbox 261 2410 1468 2474; baseline -0.002 -14"><span class='ocrx_word' id='word_1_147' title='bbox 261 2412 371 2471; x_wconf 83' lang='lat' dir='ltr'><strong>Quo</strong></span> <span class='ocrx_word' id='word_1_148' title='bbox 406 2415 603 2460; x_wconf 88' lang='lat' dir='ltr'><strong>niteant</strong></span> <span class='ocrx_word' id='word_1_149' title='bbox 635 2414 762 2460; x_wconf 89' lang='lat' dir='ltr'><strong>sacri</strong></span> <span class='ocrx_word' id='word_1_150' title='bbox 798 2420 1007 2459; x_wconf 88' lang='lat' dir='ltr'><strong>centeno</strong></span> <span class='ocrx_word' id='word_1_151' title='bbox 1040 2410 1263 2474; x_wconf 88' lang='lat' dir='ltr'><strong>pondere</strong></span> <span class='ocrx_word' id='word_1_152' title='bbox 1297 2410 1468 2458; x_wconf 83' lang='lat' dir='ltr'><strong>vultus</strong></span> 
     </span>
     <span class='ocr_line' id='line_1_25' title="bbox 257 2500 1568 2567; baseline -0.004 -16"><span class='ocrx_word' id='word_1_153' title='bbox 257 2501 509 2562; x_wconf 85' lang='lat' dir='ltr'><strong>Caesaris;</strong></span> <span class='ocrx_word' id='word_1_154' title='bbox 546 2511 598 2550; x_wconf 89' lang='lat' dir='ltr'><strong>et</strong></span> <span class='ocrx_word' id='word_1_155' title='bbox 631 2503 865 2567; x_wconf 89' lang='lat' dir='ltr'><strong>propriae</strong></span> <span class='ocrx_word' id='word_1_156' title='bbox 902 2502 1044 2562; x_wconf 87' lang='lat' dir='ltr'><strong>signa</strong></span> <span class='ocrx_word' id='word_1_157' title='bbox 1079 2500 1295 2547; x_wconf 87' lang='lat' dir='ltr'><strong>cultricis</strong></span> <span class='ocrx_word' id='word_1_158' title='bbox 1331 2514 1568 2549; x_wconf 88' lang='lat' dir='ltr'><strong>amorem.</strong></span> 
     </span>
    </p>

    <p class='ocr_par' dir='ltr' id='par_1_7' title="bbox 258 2587 1469 2653">
     <span class='ocr_line' id='line_1_26' title="bbox 258 2587 1469 2653; baseline -0.003 -14"><span class='ocrx_word' id='word_1_159' title='bbox 258 2587 339 2639; x_wconf 85' lang='lat' dir='ltr'><strong>Sic</strong></span> <span class='ocrx_word' id='word_1_160' title='bbox 374 2607 465 2653; x_wconf 86' lang='lat' dir='ltr'><strong>ego</strong></span> <span class='ocrx_word' id='word_1_161' title='bbox 500 2608 592 2640; x_wconf 87' lang='lat' dir='ltr'><strong>nec</strong></span> <span class='ocrx_word' id='word_1_162' title='bbox 626 2592 832 2649; x_wconf 86' lang='lat' dir='ltr'><strong>Furias,</strong></span> <span class='ocrx_word' id='word_1_163' title='bbox 867 2606 962 2637; x_wconf 91' lang='lat' dir='ltr'><strong>nec</strong></span> <span class='ocrx_word' id='word_1_164' title='bbox 997 2589 1249 2637; x_wconf 89' lang='lat' dir='ltr'><strong>deteriora</strong></span> <span class='ocrx_word' id='word_1_165' title='bbox 1282 2588 1469 2637; x_wconf 88' lang='lat' dir='ltr'><strong>videbo</strong></span> 
     </span>
    </p>

    <p class='ocr_par' dir='ltr' id='par_1_8' title="bbox 260 2679 1505 2742">
     <span class='ocr_line' id='line_1_27' title="bbox 260 2679 1505 2742; baseline -0.001 -16"><span class='ocrx_word' id='word_1_166' title='bbox 260 2679 495 2738; x_wconf 87' lang='lat' dir='ltr'><strong>Tartara,</strong></span> <span class='ocrx_word' id='word_1_167' title='bbox 531 2689 582 2727; x_wconf 93' lang='lat' dir='ltr'><strong>et</strong></span> <span class='ocrx_word' id='word_1_168' title='bbox 614 2682 815 2742; x_wconf 89' lang='lat' dir='ltr'><strong>Elysias</strong></span> <span class='ocrx_word' id='word_1_169' title='bbox 852 2680 979 2727; x_wconf 83' lang='lat' dir='ltr'><strong>felix</strong></span> <span class='ocrx_word' id='word_1_170' title='bbox 1014 2679 1253 2727; x_wconf 90' lang='lat' dir='ltr'><strong>admittar</strong></span> <span class='ocrx_word' id='word_1_171' title='bbox 1288 2679 1344 2725; x_wconf 88' lang='lat' dir='ltr'><strong>in</strong></span> <span class='ocrx_word' id='word_1_172' title='bbox 1379 2693 1505 2726; x_wconf 88' lang='lat' dir='ltr'><strong>oras.</strong></span> 
     </span>
    </p>

    <p class='ocr_par' dir='ltr' id='par_1_9' title="bbox 259 2768 1663 3010">
     <span class='ocr_line' id='line_1_28' title="bbox 260 2768 1623 2832; baseline -0.001 -17"><span class='ocrx_word' id='word_1_173' title='bbox 260 2768 396 2816; x_wconf 81' lang='lat' dir='ltr'><strong>Ilaec</strong></span> <span class='ocrx_word' id='word_1_174' title='bbox 431 2769 552 2816; x_wconf 90' lang='lat' dir='ltr'><strong>dicit</strong></span> <span class='ocrx_word' id='word_1_175' title='bbox 586 2770 784 2826; x_wconf 88' lang='lat' dir='ltr'><strong>labens,</strong></span> <span class='ocrx_word' id='word_1_176' title='bbox 820 2770 1078 2832; x_wconf 90' lang='lat' dir='ltr'><strong>sociosque</strong></span> <span class='ocrx_word' id='word_1_177' title='bbox 1114 2768 1432 2831; x_wconf 81' lang='lat' dir='ltr'><strong>amplectitur</strong></span> <span class='ocrx_word' id='word_1_178' title='bbox 1468 2775 1623 2825; x_wconf 87' lang='lat' dir='ltr'><strong>artus,</strong></span> 
     </span>
     <span class='ocr_line' id='line_1_29' title="bbox 259 2857 1663 2922; baseline -0.001 -18"><span class='ocrx_word' id='word_1_179' title='bbox 259 2858 658 2922; x_wconf 88' lang='lat' dir='ltr'><strong>Haerentemque</strong></span> <span class='ocrx_word' id='word_1_180' title='bbox 704 2859 923 2904; x_wconf 89' lang='lat' dir='ltr'><strong>animam</strong></span> <span class='ocrx_word' id='word_1_181' title='bbox 957 2873 1059 2904; x_wconf 90' lang='lat' dir='ltr'><strong>non</strong></span> <span class='ocrx_word' id='word_1_182' title='bbox 1092 2859 1250 2905; x_wconf 90' lang='lat' dir='ltr'><strong>tristis</strong></span> <span class='ocrx_word' id='word_1_183' title='bbox 1283 2859 1338 2904; x_wconf 90' lang='lat' dir='ltr'><strong>in</strong></span> <span class='ocrx_word' id='word_1_184' title='bbox 1372 2873 1461 2904; x_wconf 90' lang='lat' dir='ltr'><strong>ora</strong></span> <span class='ocrx_word' id='word_1_185' title='bbox 1493 2857 1663 2904; x_wconf 90' lang='lat' dir='ltr'><strong>mariti</strong></span> 
     </span>
     <span class='ocr_line' id='line_1_30' title="bbox 261 2946 1595 3010; baseline -0.001 -16"><span class='ocrx_word' id='word_1_186' title='bbox 261 2947 561 3006; x_wconf 87' lang='lat' dir='ltr'><strong>Transtulit,</strong></span> <span class='ocrx_word' id='word_1_187' title='bbox 598 2955 649 2994; x_wconf 91' lang='lat' dir='ltr'><strong>et</strong></span> <span class='ocrx_word' id='word_1_188' title='bbox 683 2961 797 2995; x_wconf 88' lang='lat' dir='ltr'><strong>cara</strong></span> <span class='ocrx_word' id='word_1_189' title='bbox 830 2948 1014 3010; x_wconf 87' lang='lat' dir='ltr'><strong>pressit</strong></span> <span class='ocrx_word' id='word_1_190' title='bbox 1047 2961 1138 2993; x_wconf 90' lang='lat' dir='ltr'><strong>sua</strong></span> <span class='ocrx_word' id='word_1_191' title='bbox 1172 2946 1363 3010; x_wconf 77' lang='lat' dir='ltr'><strong>lumina</strong></span> <span class='ocrx_word' id='word_1_192' title='bbox 1398 2946 1595 2992; x_wconf 74' lang='lat' dir='ltr'><strong>dextra.</strong></span> 
     </span>
    </p>
   </div>
   <div class='ocr_carea' id='block_1_4' title="bbox 279 3098 602 3104">
    <p class='ocr_par' dir='ltr' id='par_1_10' title="bbox 279 3098 602 3104">
     <span class='ocr_line' id='line_1_31' title="bbox 279 3098 602 3104; baseline 0 0"><span class='ocrx_word' id='word_1_193' title='bbox 279 3098 602 3104; x_wconf 95' lang='lat' dir='ltr'><strong> </strong></span> 
     </span>
    </p>
   </div>
   <div class='ocr_carea' id='block_1_5' title="bbox 2394 399 2579 475">
    <p class='ocr_par' dir='ltr' id='par_1_11' title="bbox 2394 399 2579 475">
     <span class='ocr_line' id='line_1_32' title="bbox 2394 399 2579 475; baseline 0.005 -1"><span class='ocrx_word' id='word_1_194' title='bbox 2394 423 2489 475; x_wconf 79' lang='lat'><strong>131</strong></span> <span class='ocrx_word' id='word_1_195' title='bbox 2567 399 2579 409; x_wconf 76' lang='grc'><strong><em>’</em></strong></span> 
     </span>
    </p>
   </div>
   <div class='ocr_carea' id='block_1_6' title="bbox 2397 638 2496 684">
    <p class='ocr_par' dir='ltr' id='par_1_12' title="bbox 2397 638 2496 684">
     <span class='ocr_line' id='line_1_33' title="bbox 2397 638 2496 684; baseline 0.02 -2"><span class='ocrx_word' id='word_1_196' title='bbox 2397 638 2496 684; x_wconf 84' lang='grc'><strong>170</strong></span> 
     </span>
    </p>
   </div>
   <div class='ocr_carea' id='block_1_7' title="bbox 2398 1087 2494 1133">
    <p class='ocr_par' dir='ltr' id='par_1_13' title="bbox 2398 1087 2494 1133">
     <span class='ocr_line' id='line_1_34' title="bbox 2398 1087 2494 1133; baseline 0.021 -2"><span class='ocrx_word' id='word_1_197' title='bbox 2398 1087 2494 1133; x_wconf 82' lang='grc'><strong>175</strong></span> 
     </span>
    </p>
   </div>
   <div class='ocr_carea' id='block_1_8' title="bbox 2402 1527 2500 1573">
    <p class='ocr_par' dir='ltr' id='par_1_14' title="bbox 2402 1527 2500 1573">
     <span class='ocr_line' id='line_1_35' title="bbox 2402 1527 2500 1573; baseline 0.02 -2"><span class='ocrx_word' id='word_1_198' title='bbox 2402 1527 2500 1573; x_wconf 89' lang='grc'><strong>180</strong></span> 
     </span>
    </p>
   </div>
   <div class='ocr_carea' id='block_1_9' title="bbox 2401 1971 2495 2015">
    <p class='ocr_par' dir='ltr' id='par_1_15' title="bbox 2401 1971 2495 2015">
     <span class='ocr_line' id='line_1_36' title="bbox 2401 1971 2495 2015; baseline 0.021 -2"><span class='ocrx_word' id='word_1_199' title='bbox 2401 1971 2495 2015; x_wconf 86' lang='grc'><strong>185</strong></span> 
     </span>
    </p>
   </div>
   <div class='ocr_carea' id='block_1_10' title="bbox 2403 2417 2500 2463">
    <p class='ocr_par' dir='ltr' id='par_1_16' title="bbox 2403 2417 2500 2463">
     <span class='ocr_line' id='line_1_37' title="bbox 2403 2417 2500 2463; baseline 0.041 -4"><span class='ocrx_word' id='word_1_200' title='bbox 2403 2417 2500 2463; x_wconf 85' lang='grc'><strong>190</strong></span> 
     </span>
    </p>
   </div>
   <div class='ocr_carea' id='block_1_11' title="bbox 392 3191 2498 3234">
    <p class='ocr_par' dir='ltr' id='par_1_17' title="bbox 392 3191 2498 3234">
     <span class='ocr_line' id='line_1_38' title="bbox 392 3191 2498 3234; baseline 0.001 -8"><span class='ocrx_word' id='word_1_201' title='bbox 392 3197 432 3227; x_wconf 83' lang='lat' dir='ltr'><strong>v.</strong></span> <span class='ocrx_word' id='word_1_202' title='bbox 463 3197 540 3227; x_wconf 85' lang='grc'><strong>170.</strong></span> <span class='ocrx_word' id='word_1_203' title='bbox 572 3194 670 3234; x_wconf 84' lang='lat' dir='ltr'><strong>Vulg.</strong></span> <span class='ocrx_word' id='word_1_204' title='bbox 696 3199 860 3224; x_wconf 72' lang='lat' dir='ltr'><strong>noanon.</strong></span> <span class='ocrx_word' id='word_1_205' title='bbox 911 3193 986 3224; x_wconf 84' lang='grc'><strong>177.</strong></span> <span class='ocrx_word' id='word_1_206' title='bbox 1007 3198 1143 3222; x_wconf 69' lang='lat' dir='ltr'><strong>Possm.</strong></span> <span class='ocrx_word' id='word_1_207' title='bbox 1193 3193 1269 3223; x_wconf 90' lang='lat'>181.</span> <span class='ocrx_word' id='word_1_208' title='bbox 1286 3192 1471 3223; x_wconf 73' lang='lat' dir='ltr'><strong>Mons-ros.</strong></span> <span class='ocrx_word' id='word_1_209' title='bbox 1509 3191 1606 3227; x_wconf 76' lang='lat' dir='ltr'><strong>Quod</strong></span> <span class='ocrx_word' id='word_1_210' title='bbox 1631 3191 1727 3230; x_wconf 82' lang='lat' dir='ltr'><strong>prior</strong></span> <span class='ocrx_word' id='word_1_211' title='bbox 1741 3192 1851 3232; x_wconf 68' lang='lat' dir='ltr'><strong>-exegi</strong></span> <span class='ocrx_word' id='word_1_212' title='bbox 1871 3194 1934 3226; x_wconf 77' lang='lat' dir='ltr'><strong>etc.</strong></span> <span class='ocrx_word' id='word_1_213' title='bbox 1986 3195 2059 3225; x_wconf 78' lang='lat'>190.</span> <span class='ocrx_word' id='word_1_214' title='bbox 2081 3203 2225 3228; x_wconf 63' lang='grc' dir='ltr'><strong>κιτεΑτ.</strong></span> <span class='ocrx_word' id='word_1_215' title='bbox 2273 3197 2348 3228; x_wconf 85' lang='grc'><strong>191.</strong></span> <span class='ocrx_word' id='word_1_216' title='bbox 2371 3204 2498 3230; x_wconf 68' lang='lat' dir='ltr'><strong>sicxnr</strong></span> 
     </span>
    </p>
   </div>
   <div class='ocr_carea' id='block_1_12' title="bbox 265 3253 531 3285">
    <p class='ocr_par' dir='ltr' id='par_1_18' title="bbox 265 3253 531 3285">
     <span class='ocr_line' id='line_1_39' title="bbox 265 3253 531 3285; baseline 0.008 -2"><span class='ocrx_word' id='word_1_217' title='bbox 265 3253 339 3285; x_wconf 78' lang='lat'><strong>193.</strong></span> <span class='ocrx_word' id='word_1_218' title='bbox 368 3260 418 3283; x_wconf 75' lang='lat' dir='ltr'><strong>Au</strong></span> <span class='ocrx_word' id='word_1_219' title='bbox 443 3261 531 3285; x_wconf 76' lang='lat' dir='ltr'><strong>oras·</strong></span> 
     </span>
    </p>
   </div>
   <div class='ocr_carea' id='block_1_13' title="bbox 1611 3303 1720 3349">
    <p class='ocr_par' dir='ltr' id='par_1_19' title="bbox 1611 3303 1720 3349">
     <span class='ocr_line' id='line_1_40' title="bbox 1611 3303 1720 3349; baseline 0 0"><span class='ocrx_word' id='word_1_220' title='bbox 1611 3303 1720 3349; x_wconf 86' lang='lat' dir='ltr'><strong>R2</strong></span> 
     </span>
    </p>
   </div>
  </div>
 </body>
</html>
