2892 3840
312 448 412 498 544

322 556 408 595 tuit,
444 556 479 586 et
502 553 624 586 millies
649 554 712 585 boc
745 553 908 585 accidisse
930 555 1090 585 Veterum
1114 550 1400 594 seriptis'norunt

322 601 468 641 eruditi,
497 604 531 631 et
557 601 590 630 in
616 599 666 630 his
690 600 791 631 silvis
819 610 886 631 non
911 609 1013 630 unum
1038 602 1227 639 exemplum
1250 600 1398 632 babebis.

325 649 376 678 lta
399 647 488 686 apud
516 647 674 678 Ovidium
697 647 828 677 Fastor.
855 648 889 686 l,
913 647 994 677 287.
1023 646 1127 686 vulgo
1150 646 1285 687 legitur,

417 693 532 733 Iane,
547 695 636 735 face
660 697 843 728 aeternos,
863 701 999 731 pacem,
1015 695 1189 733 pacisque
1209 692 1399 722 ministros:

323 739 485 769 Heinsius
509 748 591 769 tero
618 740 736 777 probat
759 738 823 769 boc
844 738 1025 768 absurdum
1047 747 1145 780 esse,
1170 740 1204 769 et
1223 737 1399 769 verissime

322 785 515 824 substituit,

418 832 514 862 Jane
525 851 538 868 ‚
559 830 648 871 face
670 834 855 869 aeternos,
893 839 1038 869 pacem,
1075 831 1249 869 paciscar:
1273 835 1400 865 sequn-

544 879 669 905 strum:

322 921 487 954 Nimirum
512 922 641 960 primae
674 920 760 950 duae
787 920 934 959 syllabae
959 920 996 951 in
1027 924 1243 960 sequestrum
1269 917 1401 949 amitte-

326 970 448 998 bantur
485 967 521 998 in
557 967 781 1006 praecedente
806 975 899 1006 sque.
927 967 1010 996 Vide
1038 970 1151 996 notam
1177 966 1270 1005 ejus,
1312 963 1404 1006 (lon-

322 1014 397 1053 gior
431 1013 519 1044 enim
553 1015 604 1043 est
634 1021 731 1051 qnam
769 1014 807 1041 ut
830 1012 892 1042 huc
917 1014 1019 1042 totam
1049 1012 1233 1042 transferre
1257 1019 1402 1041 commo-

323 1060 400 1090 dum
425 1059 480 1100 sit)
505 1059 560 1089 ubi
586 1059 690 1088 multa
716 1059 749 1087 et
774 1058 947 1096 praeclara
971 1057 1158 1095 hujusmodi
1178 1056 1335 1094 exempla
1356 1064 1400 1085 ex

326 1107 402 1137 aliis
436 1105 608 1136 autoribus
642 1103 792 1142 profert;
833 1102 965 1141 dignam
989 1112 1072 1134 sane
1100 1111 1185 1141 quae
1210 1101 1318 1131 literis
1343 1110 1401 1130 au-

323 1152 392 1183 reis
426 1152 603 1182 scribatur.
650 1148 811 1179 Manilius
835 1149 887 1189 V,
935 1149 1011 1179 184.
1041 1149 1082 1178 de
1109 1147 1326 1179 venatoribus
1350 1146 1402 1176 lo-

323 1206 441 1238 quens,

816 1238 991 1268 ducuntur
1016 1243 1053 1269 et
1078 1241 1154 1278 t'pss‘

414 1285 586 1322 Restbus,
609 1287 646 1314 et
670 1282 838 1315 claudunt
862 1293 999 1324 campos
1017 1286 1214 1327 formidine
1234 1284 1366 1326 mortis,

414 1331 667 1370 mendacesque
685 1335 826 1368 parant
839 1331 994 1373 foveas,
1018 1332 1227 1371 laqueosque
1250 1336 1403 1368 tenaces,

415 1379 670 1416 Currentesque
686 1377 796 1417 feras
815 1378 1020 1415 pedit-arum
1045 1378 1201 1416 compede
1224 1381 1378 1408 nectunt.

320 1422 501 1455 Miraberis
534 1431 597 1452 nec
631 1430 776 1460 unquam
809 1421 978 1462 intelliges
1019 1423 1184 1461 quomodo
1218 1425 1399 1454 venatores

323 1471 483 1502 claudunt
504 1477 638 1506 campos
665 1467 844 1497 formidine
867 1470 1003 1499 mortis.
1049 1470 1152 1508 Lege,

542 1514 707 1544 claudunt
733 1523 870 1552 campos
888 1513 1082 1555 formidine
1109 1514 1254 1553 pinnae:

322 1561 374 1593 est
398 1560 540 1591 imitatio
565 1558 698 1598 Virgilii
723 1559 845 1599 Georg.
870 1560 931 1598 111,
956 1560 1036 1590 372.

413 1607 633 1637 Pune‘oeaere
655 1607 795 1645 agitant
812 1606 965 1644 paz-idos
992 1604 1172 1636 formidine
1196 1604 1337 1643 pinnae:

320 1653 376 1684 nbi
411 1661 506 1683 more
540 1659 604 1680 suo
637 1653 783 1689 nugatur
814 1651 975 1691 Servius,
1025 1660 1084 1681 seu
1117 1651 1306 1690 quicunque
1345 1652 1398 1681 est

322 1709 420 1739 quem
443 1700 505 1729 sub
528 1696 639 1729 Servii
662 1696 801 1727 nomine
824 1697 978 1736 legimus.
1026 1697 1167 1728 Aeneid.
1188 1698 1268 1738 ΧΠ,
1295 1699 1374 1728 750.

534 1745 710 1783 puniceae
730 1748 863 1783 septum
888 1743 1068 1774 formidine
1092 1744 1230 1784 pinnae.

320 1791 477 1822 Lucanus
500 1791 565 1829 1v,
589 1790 670 1821 437.

540 1838 595 1866 sae'c
618 1837 696 1866 dum
716 1835 866 1873 pavidos
890 1834 1070 1864 formidine
1094 1842 1215 1866 cervos

415 1881 587 1917 Claudat,
609 1882 778 1911 odoratae
803 1885 993 1911 metuentes
1015 1882 1105 1911 ae’ra
1133 1881 1258 1920 pinnae

415 1927 581 1957 Venator.

323 1973 485 2012 Apuleius
500 1971 682 2011 Apologia:
707 1979 826 2001 verum
854 1980 914 2010 ego
937 1973 1012 2002 n'sta
1035 1973 1307 2008 commemoravi,
1331 1980 1399 2002 non

324 2020 414 2060 quod
437 2019 614 2057 pinnarum
643 2016 839 2048 formidines
864 2018 1030 2047 timerem.
1053 2020 1190 2056 pi'nnae
1212 2017 1275 2048 boe
1301 2018 1400 2047 modo

325 2076 483 2114 scriptum
519 2077 592 2106 erat
620 2073 655 2105 in
692 2075 789 2105 MSS.
816 2076 924 2113 p'ne:
964 2074 1054 2104 unde
1081 2075 1122 2104 ob
1150 2074 1401 2105 similitudinem

324 2121 452 2154 coaluit
485 2131 560 2152 eum
584 2120 809 2160 praecedente
832 2121 938 2150 dine.-
981 2128 1100 2150 versus
1124 2120 1203 2151 dein
1227 2122 1401 2160 suppletus

323 2171 365 2199 ab
391 2167 558 2198 eruditulo
589 2166 704 2205 aliquo
730 2165 788 2206 qni
814 2167 957 2197 noverat
980 2165 1183 2198 ovidianum
1204 2166 1294 2198 istud
1319 2169 1402 2198 Met.

321 2215 383 2246 XV
425 2215 499 2245 153.

385 2237 395 2255 ’
416 2259 445 2290 0
470 2267 580 2300 genus
607 2258 795 2288 attonitum
817 2257 957 2298 gel-'dae
981 2257 1159 2288 formidine
1183 2257 1311 2289 mortis.

324 2307 503 2338 Praeclara
543 2304 579 2334 in
621 2303 684 2333 hoc
727 2311 853 2342 genere
895 2303 1066 2336 restitutio
1099 2304 1298 2335 Bentleiana
1334 2301 1403 2335 loci

326 2352 459 2392 Virgilii
483 2353 567 2383 Aen.
594 2349 639 2390 X,
664 2350 742 2379 702.
767 2349 809 2379 de
833 2348 1008 2389 Mimante,

662 2415 736 2436 una
758 2409 854 2446 quein
882 2411 982 2437 nocte
1010 2405 1148 2436 Theano

415 2452 461 2484 Ιιι
487 2452 597 2483 lucem
618 2454 777 2491 genitori
799 2450 929 2492 Amyco
966 2452 1082 2490 dedit,
1122 2456 1159 2483 ee
1182 2454 1271 2496 face
1297 2464 1405 2496 prae-

419 2506 703 2583 cesseisgzzgnfna
727 2542 853 2574 Parim
881 2543 992 2573 creat:
1020 2542 1106 2572 urbe
1125 2548 1282 2582 paterna

420 2587 595 2620 Oct-nbat.-
619 2591 784 2630 ignarum
808 2588 969 2619 Laurens
996 2588 1100 2619 habet
1126 2599 1192 2621 ora
1217 2590 1403 2622 Mimanta.

327 2644 386 2676 ubi
410 2653 474 2683 pro
503 2645 635 2676 Cisseis
661 2647 790 2686 regina
814 2645 939 2677 Parin·
963 2647 1080 2685 creat,
1124 2646 1228 2685 legit,
1265 2649 1403 2680 Cisseis

329 2693 455 2732 regina
480 2689 612 2721 Parim:
657 2690 754 2721 Paris
778 2692 863 2722 urbe
879 2697 1036 2731 paterna
1062 2691 1217 2723 occubat
1237 2696 1300 2725 etc.
1346 2694 1405 2725 Ni-

328 2737 377 2767 hil
401 2735 514 2767 verius
548 2737 607 2766 aut
629 2735 816 2775 elegantius
842 2736 910 2768 dici
933 2737 1051 2776 potuit.
1097 2739 1223 2771 Iterum
1245 2739 1405 2772 Manilius

329 2785 387 2824 lv,
413 2784 491 2814 180.
518 2780 560 2811 de
585 2780 627 2811 iis
652 2781 708 2819 qui
733 2783 795 2812 sub
818 2782 935 2813 Leone
959 2783 1031 2814 nati
1055 2785 1152 2815 sunt:

418 2838 498 2870 Hoc
519 2837 646 2878 habet,
678 2837 746 2869 hoe
771 2839 943 2880 sudium,
980 2845 1103 2880 postes
1129 2850 1261 2874 ornare
1286 2851 1405 2883 super·

420 2884 610 2968 I’elltbubso,⁸
646 2932 691 2968 ,et
726 2932 852 2968 captas
891 2929 1046 2961 domibus
1075 2928 1274 2972 praefigere
1301 2941 1407 2972 prue-

420 3019 471 3052 ΕΙ
487 2975 742 3060 Ραὲιὲτξείιιεῐιι
766 3019 877 3050 silvas
891 3039 902 3058 ,
925 3022 960 3049 et
987 3021 1109 3050 vivere
1134 3024 1264 3060 rapto.-

329 3066 387 3099 'nbi
418 3066 562 3107 primum
597 3075 660 3106 pro
691 3066 857 3105 superbos
888 3064 1067 3104 legendum
1102 3073 1146 3096 ex
1172 3065 1407 3098 Gemblacensi

327 3114 510 3160 paperbi‘s,
553 3112 643 3151 quod
674 3111 779 3151 magis
816 3110 985 3149 poeticum
1016 3115 1069 3142 est
1102 3113 1137 3142 et
1172 3111 1404 3151 Virgilianum.

329 3160 398 3193 Sed
429 3158 502 3198 quis
534 3158 615 3189 mihi
649 3156 832 3196 explicabit
853 3156 933 3195 quid
954 3156 998 3188 sit
1024 3166 1150 3197 pacare
1171 3157 1273 3189 silvas
1300 3163 1403 3199 neta,

329 3215 404 3237 enm
433 3206 476 3236 de
507 3205 621 3244 phrasi
650 3203 750 3235 video
788 3203 992 3233 dubitantem
1028 3212 1191 3234 summum
1215 3203 1403 3235 Bentleium

327 3252 514 3284 ad‘Horat.
536 3253 608 3283 Art.
640 3251 736 3283 Ροέῑ.
761 3258 793 3281 v.
819 3250 910 3282 1973
935 3249 1182 3282 Intellexissem
1209 3249 1239 3281 si
1259 3249 1402 3282 dixisset

1098 420 1287 478 NOTAE
1320 442 1388 478 AD
1418 432 1523 479 Lis.
1555 431 1589 480 Ι.
1619 435 1664 480 3.
2446 438 2538 486 191

1467 565 1590 595 pacare
1617 555 1720 587 silvas
1740 556 1862 595 jaculo
1885 558 1940 588 vel
1964 561 2103 600 sagina
2123 558 2180 589 vel
2202 568 2330 599 cornu,
2356 563 2396 590 ut
2415 562 2547 592 Statius

1466 603 1570 635 Theb.
1596 603 1641 633 lv
1651 624 1661 642 ,
1684 603 1753 634 248
1780 604 1851 643 (qui
1874 604 1969 635 loeus
1991 615 2014 637 a
2036 605 2211 646 scaligero
2236 605 2374 644 citatur)
2398 605 2439 636 de
2464 609 2543 638 Ata-

1467 648 1561 679 lanta
1581 648 1827 689 Parthenopaei
1849 653 1977 681 matre:

1904 696 2004 738 §tunt
2030 696 2135 726 saltus
2153 697 2254 739 foroe
2274 700 2425 727 remotos

1561 738 1677 770 Torva
1699 749 1831 778 parens
1856 743 1983 783 (neque
2005 745 2096 773 enim
2118 742 2206 773 haee
2222 741 2352 781 juvem·
2361 743 2466 784 fore!
2488 744 2541 772 tre

1679 790 1842 824 potestas
1853 789 1868 822 )

1557 830 1704 862 Pacabat
1729 841 1855 874 cornu,
1875 833 2052 874 gelidique
2074 842 2206 865 aversa
2231 831 2355 874 Lycei.

1468 875 1578 915 Lege,

1558 921 1609 952 Et
1626 931 1756 960 pacare
1777 931 1859 953 arcu
1883 924 2009 955 sih-as.

1468 965 1570 996 Vides
1601 977 1688 997 arcu
1728 970 1918 1007 absorptam
1952 979 1973 1000 a
2009 968 2233 1007 praecedente
2264 979 2333 1001 are
2364 971 2421 1001 vel
2446 980 2541 1002 care.

1469 1012 1558 1042 Pene
1596 1013 1718 1043 oblitus
1751 1023 1843 1044 eram
1866 1024 2023 1054 monere,
2066 1015 2100 1044 in
2134 1015 2242 1053 primo
2272 1016 2404 1047 Manilii
2427 1025 2541 1057 versu,

1469 1067 1531 1095 pro
1556 1057 1635 1088 Hoc
1657 1059 1784 1100 habet,
1818 1060 1881 1091 hoc
1907 1061 2050 1091 studium
2066 1082 2076 1101 ,
2112 1060 2291 1099 legendum
2314 1061 2443 1102 videri,
2469 1063 2542 1093 Hie

1470 1104 1590 1142 labor,
1618 1104 1681 1133 boc
1706 1105 1869 1136 studium:
1894 1109 1929 1136 et
1953 1115 2054 1137 versu
2078 1106 2217 1146 ultimo,
2240 1117 2302 1145 pro
2327 1114 2432 1147 rapto
2456 1108 2538 1138 cod.

1467 1149 1740 1180 Gemblacensem
1765 1151 1888 1181 habere
1911 1154 2050 1188 vietor:
2077 1152 2166 1181 unde
2189 1154 2275 1183 bene
2299 1154 2450 1193 Scaliger
2467 1156 2540 1185 τίσ-

1467 1199 1522 1234 to,
1570 1203 1618 1226 sc.
1660 1196 1803 1228 domitis
1831 1198 1943 1239 seris.
1997 1199 2050 1228 Ita
2081 1198 2170 1236 apud
2201 1198 2393 1230 Martialem
2424 1199 2541 1239 Epigr-

1466 1240 1545 1281 ΧΠ,
1572 1241 1628 1270 91.

1560 1286 1605 1317 St
1630 1283 1776 1325 Stygias
1799 1295 1903 1326 aeger
1926 1296 1994 1317 non
2020 1288 2088 1317 z‘ree
2113 1289 2244 1318 missus
2270 1289 2319 1319 ad
2342 1290 2469 1330 undas,

1608 1330 1654 1361 Ue
1678 1332 1817 1362 caderet
1835 1342 1958 1373 magno
1982 1335 2128 1363 victima
2157 1335 2253 1372 grata
2280 1334 2388 1365 loc-⁸⁹.-

1467 1378 1594 1408 Sensus
1623 1376 1760 1407 omnino
1789 1379 1935 1415 postulat
1958 1378 2093 1408 victima
2117 1388 2269 1419 magna;
2310 1380 2407 1417 cujus
2431 1379 2540 1418 prima

1467 1423 1597 1462 syllaba
1639 1422 1853 1454 amittebatur
1884 1423 1921 1454 in
1954 1424 2175 1462 praecedente
2196 1434 2289 1464 uma.-
2339 1425 2461 1455 deinde
2494 1431 2541 1455 ex

1463 1479 1555 1509 gna,
1599 1468 1712 1498 venui
1746 1469 1932 1506 supplendo
1956 1470 2110 1499 fecerunt
2130 1474 2249 1509 grata.
2296 1470 2380 1500 Vide
2404 1470 2540 1508 elegam

1465 1514 1630 1544 tissimum
1663 1513 1879 1552 epigramma.
1924 1515 1992 1545 Sed
2027 1515 2139 1544 nullus
2163 1518 2251 1544 esset
2273 1514 2347 1545 finis
2371 1515 2400 1544 si
2427 1515 2541 1553 singu-

1465 1560 1516 1590 las
1546 1568 1788 1599 persequerer,
1815 1562 1980 1598 quotquot
2005 1560 2203 1600 observavi,
2230 1559 2459 1597 hujuscemodi
2485 1561 2540 1590 de-

1465 1605 1680 1645 pravationes
1704 1605 1738 1635 in
1762 1608 1921 1637 veterum
1946 1606 2091 1644 scriptis.
2134 1607 2179 1635 Ut
2205 1605 2307 1644 igitur
2332 1607 2375 1637 ad
2398 1605 2541 1638 Statium

1465 1654 1636 1683 revertar:
1674 1651 1812 1683 Mentor
1847 1651 1898 1695 (si
1931 1652 2029 1683 modo
2059 1652 2145 1682 hanc
2170 1651 2347 1683 lectionem
2366 1651 2539 1690 admittas)

1467 1700 1502 1728 et
1525 1706 1650 1727 manus
1678 1697 1838 1736 Myronis
1861 1697 1963 1738 lusit,
1997 1701 2089 1729 recte
2114 1697 2256 1738 dicitur,
2288 1700 2326 1729 ut
2355 1698 2446 1738 apud
2468 1698 2540 1728 110-

1466 1746 1532 1776 rat.
1557 1746 1668 1775 carm.
1696 1745 1762 1783 111,
1782 1745 1815 1773 6.
1842 1743 1922 1774 licet
1944 1753 2044 1774 sensu
2069 1743 2216 1783 diverso,

1560 1789 1644 1819 Jam
1665 1789 1720 1819 bis
1744 1790 1902 1819 Moneses
1926 1795 1959 1820 et
1981 1789 2099 1821 Pacori
2125 1797 2244 1819 manus

1557 1835 1635 1866 Non
1659 1836 1867 1873 auspicatos
1891 1836 2044 1866 contudit
2066 1838 2215 1875 impetus

1602 1880 1764 1911 Nostros.

1466 1926 1512 1957 Et
1536 1925 1646 1965 Epod.
1676 1926 1767 1965 xv1,
1795 1926 1827 1957 3.

1557 1973 1670 2010 Quam
1695 1981 1801 2012 neque
1815 1967 1974 2008 finitimi
1995 1971 2186 2002 valuerunt
2204 1974 2355 2011 perdere
2378 1973 2484 2005 Mani

1603 2017 1780 2048 Mimantis
1807 2021 1871 2047 aa!
1898 2015 2053 2047 Etrusca
2079 2019 2248 2050 Porsenae
2270 2029 2389 2050 manus

1467 2062 1624 2093 Lucanus
1649 2064 1700 2102 11,
1727 2064 1805 2094 543.

1558 2108 1740 2149 Lentulus,
1765 2109 1949 2147 eren-tique
1971 2115 2090 2137 manus
2112 2117 2253 2140 vesana
2268 2107 2417 2148 Cethegi.

1514 2162 1546 2183 v.
1572 2156 1628 2186 51.
1654 2153 1777 2194 Lusit,
1802 2158 1838 2184 et
1855 2161 2010 2183 enormes
2036 2163 2160 2185 nanus
2186 2160 2243 2186 est
2261 2160 2415 2195 experta
2429 2153 2541 2184 colos·

1468 2201 1540 2238 sos]
1565 2200 1722 2231 Nondum
1745 2199 1962 2230 dimittendus
1984 2207 2042 2239 es,
2066 2200 2210 2238 Lector3
2235 2200 2295 2232 vix
2320 2200 2411 2231 enim
2439 2206 2540 2237 supe-

1469 2248 1544 2276 rato
1566 2256 1634 2278 uno
1660 2245 1787 2276 difficili
1809 2246 1886 2276 loco
1899 2266 1910 2283 ‚
1951 2244 2103 2283 exsurgit
2127 2247 2214 2277 alter
2235 2246 2420 2278 difficilior:
2454 2244 2540 2275 adeo

1469 2300 1589 2322 verum
1624 2294 1676 2323 est
1705 2292 1795 2330 quod
1825 2290 1912 2321 dixit
1932 2290 2139 2332 Pontianus,
2176 2290 2346 2323 referente
2366 2289 2541 2330 Gevartio,

1472 2337 1518 2368 sa·
1539 2340 1618 2377 quis
1646 2338 1838 2377 Pupiniam
1870 2342 2000 2377 pergat
2022 2342 2211 2377 excutere,
2231 2339 2362 2369 nullum
2378 2340 2465 2381 fore
2486 2338 2541 2366 in-

1471 2384 1637 2424 quirendi
1654 2382 1789 2423 finem5
1828 2385 1962 2422 vixque
1992 2383 2151 2414 absoluto
2173 2387 2376 2423 superiore,
2419 2383 2540 2414 statim

1472 2438 1635 2468 seraptem
1658 2430 1768 2459 alium
1790 2425 2077 2470 occurrere-:Hoc
2102 2438 2220 2459 verum
2245 2438 2319 2460 esse
2344 2437 2409 2459 usn
2432 2435 2539 2465 expe-

1471 2474 1562 2506 rior:
1587 2483 1650 2505 nec
1671 2477 1782 2505 tamen
1806 2474 2038 2514 absterrebor,
2062 2484 2127 2512 quo
2152 2475 2261 2505 minus
2281 2474 2415 2514 singula
2435 2480 2541 2503 excu—

1471 2520 1562 2551 tiam.
1609 2519 1821 2551 constructio
1848 2521 1918 2551 est:
1947 2519 2113 2558 Quicquid
2142 2520 2281 2551 Mentor
2305 2521 2397 2551 lusit
2415 2527 2539 2559 argen-

1470 2571 1532 2605 to,·
1571 2566 1629 2596 sel
1659 2565 1816 2606 quicquid
1847 2574 1971 2596 nanus
2005 2565 2165 2605 Myronis
2187 2565 2269 2596 lusit
2291 2568 2331 2597 in
2352 2574 2463 2603 aere,·
2503 2566 2542 2593 et

1471 2612 1629 2651 quicquid
1653 2621 1777 2643 manus
1799 2615 1950 2650 experta
1983 2616 2040 2642 est
2058 2620 2213 2642 enormes
2235 2612 2394 2643 colossos.
2439 2611 2542 2641 Mon-

1474 2661 1585 2689 strosa
1616 2657 1722 2699 haec,
1761 2658 1797 2688 et
1822 2658 1890 2687 tam
1912 2658 2032 2695 procul
2053 2667 2075 2688 a
2096 2666 2198 2688 sensu
2223 2667 2324 2697 quam
2345 2655 2539 2688 Latinitate.

1475 2704 1582 2743 eujus
1616 2705 1705 2735 enim
1728 2710 1846 2733 manus
1868 2707 2018 2741 experta
2041 2709 2096 2735 est
2115 2713 2268 2734 enormes
2293 2703 2467 2735 colossos!
2496 2708 2542 2731 an

1471 2749 1648 2790 Myroni-³
1676 2749 1734 2792 (ad
1758 2749 1846 2780 hune
1868 2748 1959 2779 enim
1980 2749 2090 2780 solum
2117 2749 2202 2780 baec
2224 2749 2345 2781 referri
2367 2745 2541 2789 possunt:)

1474 2796 1566 2835 atqui
1608 2805 1677 2828 non
1709 2795 1850 2834 legimns
1879 2794 2011 2833 uspiam
2044 2798 2218 2835 Myronem
2249 2797 2359 2826 solere
2389 2796 2541 2826 colossos

1473 2843 1651 2882 effingere:
1692 2842 1781 2880 quod
1809 2840 1838 2871 si
1862 2841 2126 2882 concederetur,
2166 2841 2329 2872 Latinitas
2350 2843 2462 2871 tamen
2486 2847 2543 2868 re-

1473 2889 1656 2920 clamaret:
1681 2886 1808 2918 dixisse
1831 2886 1921 2916 enim
1945 2887 2077 2926 debuit,
2111 2887 2268 2926 quicquid
2287 2895 2404 2916 manus
2427 2887 2543 2923 Myro-

1473 2934 1526 2964 nis
1551 2935 1694 2973 experta
1720 2935 1772 2963 est
1796 2933 1992 2963 enormibus
2014 2934 2161 2963 colossis
2175 2954 2185 2971 ,
2227 2934 2265 2962 ut
2294 2933 2375 2963 lusit
2397 2933 2542 2972 argento

1473 2982 1630 3020 Mentor,
1667 2978 1747 3009 lusit
1772 2987 1854 3007 aere
1875 2980 2009 3017 Myron.
2053 2978 2098 3008 Et
2123 2986 2205 3007 sane
2225 2978 2328 3008 editio
2350 2975 2540 3008 Parmensis

1472 3024 1573 3055 babet
1601 3026 1737 3055 enormi
1767 3023 1910 3056 colosso.
1949 3022 2030 3061 quin
2065 3025 2100 3053 et
2126 3023 2155 3052 si
2183 3022 2325 3054 dixisset
2348 3023 2540 3054 enormibus

1474 3072 1618 3101 colossis
1642 3069 1699 3100 vel
1722 3070 1855 3099 enormi
1876 3068 2006 3099 colosso
2019 3090 2028 3108 ,
2071 3068 2216 3099 absurde
2244 3072 2357 3100 tamen
2382 3068 2538 3099 dixisset:

1470 3116 1584 3146 nullus
1608 3115 1699 3145 enim
1721 3114 1815 3144 locus
1840 3114 2031 3144 enormibus
2056 3114 2195 3145 colossis
2221 3117 2323 3146 intra
2345 3116 2448 3147 aedes
2472 3115 2540 3145 Vo-

1469 3161 1576 3202 pisci,
1599 3160 1656 3191 ubi
1680 3169 1770 3190 nunc
1794 3162 1950 3190 versatur
1973 3159 2118 3191 Statius:
2154 3160 2296 3192 liberum
2316 3161 2352 3192 hi
2382 3162 2417 3191 et
2441 3168 2541 3198 aper-

1466 3209 1538 3238 tum
1561 3207 1696 3238 aethera
1726 3205 1917 3245 postulant,
1951 3204 1989 3235 in
2015 3215 2081 3244 quo
2104 3207 2337 3237 enormitatem
2358 3214 2454 3237 suam
2479 3213 2540 3236 ex-

1464 3253 1601 3294 plicent.
1644 3251 1746 3284 Vides
1759 3254 1840 3291 quot
1859 3250 2120 3284 absurditatibus
2137 3253 2265 3285 foedus
2284 3254 2335 3284 est
2357 3252 2412 3285 bic
2432 3253 2540 3284 locus.
