2892 3840
2 3433 11 3608 ‹pn—*m
1 3320 9 3374 ο.

933 410 1391 449 SILVARUM
1457 400 1626 451 L113.
1695 403 1752 452 V.

247 522 405 583 Quem
433 537 537 572 non
568 525 840 589 corrumpit
871 523 1030 588 pubes
1064 526 1277 584 effrena,
1310 539 1572 591 novaeque

242 612 471 662 Libertas
503 622 772 678 properata
804 613 979 675 togae?
1005 628 1096 660 ceu
1124 615 1294 661 nescia
1324 614 1464 661 falcis

243 700 385 750 Silva
418 717 586 752 comas
621 703 776 761 tollit,
807 702 1119 765 fructtunque
1154 704 1359 766 expirat
1388 704 1445 750 in
1478 702 1694 751 umbras,

242 788 314 838 At
347 791 440 838 tibi
471 791 664 840 Pieriae
700 799 872 839 tenero
906 791 998 839 sub
1031 799 1233 855 pectore
1268 807 1432 850 curae,

242 878 312 926 Et
343 879 534 944 pudor,
568 888 620 928 et
655 881 788 928 docti
818 881 980 943 legem
1018 881 1114 928 sibi
1145 881 1309 929 dicere
1340 896 1506 929 mores
1517 897 1529 940 ;

246 966 387 1015 Tunc
415 969 587 1017 hilaris
619 970 867 1033 probitas,
902 977 954 1016 et
981 970 1119 1017 frons
1154 971 1442 1034 tranquilla,
1476 971 1705 1035 nitorque

243 1056 501 1105 Luxuriae
534 1060 723 1105 confine
759 1059 968 1115 timens,
1001 1060 1262 1121 pietasque
1296 1075 1387 1122 per
1419 1074 1593 1107 omnes

243 1146 550 1210 Dispensata
576 1146 778 1205 modos3
815 1161 1071 1209 aequaevo
1107 1146 1284 1194 cedere
1315 1147 1475 1204 fratri,

245 1235 515 1299 Mirarique
544 1243 767 1300 patrem,
798 1236 1111 1299 miseraeque
1146 1236 1405 1297 ignoscere
1434 1237 1599 1283 matri.

241 1322 522 1374 Admonuit
554 1324 756 1371 fortuna
790 1324 992 1372 domus:
1025 1324 1181 1371 tibine
1215 1325 1302 1373 illa
1334 1325 1556 1373 nefanda

242 1413 449 1471 Pocula,
484 1414 755 1478 letalesque
790 1429 944 1461 manu
980 1429 1278 1476 componere
1314 1429 1484 1461 succos

241 1501 472 1561 Evaluit,
508 1505 592 1567 qui
626 1519 749 1553 voce
783 1511 927 1568 potes
961 1510 1281 1565 praevertere
1316 1517 1513 1549 morsus
1543 1507 1547 1510 ’

243 1591 569 1655 Serpentum,
605 1599 753 1656 atque
790 1606 964 1638 omnes
998 1591 1143 1639 vultu
1177 1592 1374 1654 placare
1410 1590 1682 1640 novercas?

241 1679 482 1730 Infestare
517 1681 641 1728 libet
673 1681 874 1740 Manes,
905 1682 1193 1744 meritoque
1229 1689 1435 1746 precatu

242 1767 420 1825 Pacem
456 1771 652 1818 auferre
686 1772 842 1833 rogis:
878 1771 970 1818 sed
1004 1778 1084 1827 te,
1119 1786 1245 1834 puer
1280 1772 1495 1834 optime,
1531 1784 1679 1817 cerno

242 1857 551 1906 Flectentem
574 1861 754 1921 Justis,
790 1868 842 1906 et
876 1860 996 1907 talia
1031 1859 1165 1906 dicta
1198 1867 1485 1923 parantem:

243 1947 438 2005 PARCE,
472 1963 671 2011 precor,
707 1950 884 1995 cineri:
921 1949 1082 1995 fatum
1115 1948 1266 2006 illud,
1302 1956 1354 1994 et
1385 1949 1463 1995 ira
1496 1955 1764 1997 nocentum

244 2035 537 2094 Parcarum,
573 2039 857 2102 crimenque
891 2037 991 2087 Dei
1026 2038 1258 2085 mortalia
1291 2038 1515 2102 quisquis

244 2125 451 2174 Pectora
477 2141 588 2173 sero
622 2127 790 2185 videt,
824 2142 917 2174 nec
949 2128 1113 2190 primo
1147 2129 1203 2174 in
1235 2127 1408 2175 limine
1443 2128 1578 2174 sistit

247 2213 468 2262 Conatus
500 2216 768 2274 scelerum,
803 2224 951 2280 atque
986 2218 1181 2265 animos
1213 2216 1424 2265 infanda
1456 2224 1706 2280 parantes.

244 2304 464 2353 Excidat
486 2305 574 2353 illa
608 2304 716 2352 dies
752 2321 906 2363 aevo,
940 2321 1032 2352 nec
1060 2313 1264 2369 postera
1300 2305 1507 2353 credant

245 2394 476 2442 Saecula!
513 2410 604 2442 nos
640 2403 772 2442 certe
807 2403 1083 2453 taceamus;
1120 2403 1171 2442 et
1201 2395 1381 2442 obruta
1408 2395 1568 2442 multa

245 2482 402 2530 Nocte
431 2485 532 2546 tegi
565 2485 796 2548 propriae
827 2485 1078 2548 patiamur
1105 2485 1313 2532 crimina
1342 2485 1517 2545 gentis.

246 2571 434 2633 Exegit
465 2588 678 2636 poenas,
713 2573 974 2621 hominum
1009 2575 1089 2622 cui
1123 2588 1240 2620 cura
1269 2587 1489 2630 suorum,

249 2657 358 2717 Quo
387 2660 553 2709 Pietas
588 2670 762 2709 autore
796 2662 954 2719 redit,
990 2669 1246 2725 terrasque
1274 2663 1469 2719 revisit,

249 2747 408 2806 Quem
435 2750 580 2796 timet
613 2765 760 2798 omne
788 2752 944 2800 nefas.
1014 2753 1138 2799 satis
1166 2751 1313 2809 haec,
1342 2750 1744 2816 lacrimandaque
1777 2752 1921 2801 nobis

248 2836 395 2885 Ultio.
464 2840 584 2901 quin
613 2854 792 2887 saevas
821 2842 1013 2887 utinam
1050 2856 1262 2888 exorare
1296 2841 1469 2887 liceret

246 2922 583 2985 Eumenidas,
619 2927 923 2990 timidaeque
959 2936 1186 2976 avertere
1218 2926 1469 2975 Cerberon
1504 2930 1727 2988 umbrae,

247 3015 695 3080 Immemoremque
730 3016 830 3063 tuis
865 3017 1010 3064 citius
1045 3016 1164 3063 dare
1198 3016 1430 3065 Manibus
1462 3034 1675 3065 amnem.

341 3230 380 3260 v.
405 3228 460 3260 74.
483 3227 583 3268 Vulg.
608 3233 757 3258 muts-s.
807 3227 863 3259 75.
889 3233 1018 3258 nouos.
1067 3228 1121 3260 81.
1147 3233 1272 3257 Juvsr.
1322 3226 1375 3258 83.
1402 3233 1528 3260 Jussrs.
1579 3229 1633 3258 88.
1659 3234 1713 3258 xz.

1610 3282 1646 3330 S

2381 416 2484 481 13⁷.

2411 716 2480 762 70

2416 1161 2480 1206 75

2419 1605 2485 1652 80

2417 2049 2480 2095 85

2416 2934 2480 2980 95
