2892 3840
375 428 477 479 178

464 552 564 585 Hine
581 554 672 587 anni
685 553 786 586 labor
799 559 812 583 .·
828 551 910 583 hino
925 549 1084 590 patriam
1098 554 1300 592 parvosque
1324 545 1466 585 nepotes

381 643 446 676 Ubi
466 599 718 685 gii-zaeiilestubit,
757 649 860 680 quare
883 643 1019 678 nepotes
1047 637 1161 677 potius
1189 644 1288 675 quam
1312 633 1467 666 liberos!

381 691 428 722 Et
464 690 544 730 quid
578 689 607 721 si
639 698 706 720 non
741 687 861 717 habeat
893 690 1037 723 nepotes
1064 682 1239 723 agricola?
1283 691 1352 713 non
1378 681 1468 711 enim

380 736 568 776 cuicunque
597 735 709 765 datum
733 734 783 762 est
809 731 978 770 agricolae
1006 730 1132 761 habere
1156 733 1306 768 nepotes.
1333 728 1421 768 lege,

601 780 683 811 hine
706 779 864 817 patriam
883 785 1084 816 parvosque
1109 777 1248 815 penates

472 827 651 861 Sustinet:

380 873 445 903 hoc
479 871 632 904 omnibus
671 865 828 906 agricolis
862 875 1050 897 commuue.
1086 874 1221 905 parvos
1252 867 1400 903 penates
1432 862 1469 892 ut

384 917 478 956 apud
505 917 563 948 Sil.
593 913 744 945 Italicum
772 915 807 953 1,
831 914 911 943 616.

373 963 376 965 ’
468 962 523 992 Ad
545 968 667 1000 parvos
694 967 802 989 curru
828 958 1036 989 remeabant
1064 965 1170 994 saepe
1194 956 1347 994 penates.

378 1008 461 1038 Vide
485 1007 610 1039 affatim
636 1005 864 1043 exemplorum
894 1003 929 1034 in
950 1005 1028 1034 Not.
1051 1001 1183 1032 Heinsii
1205 1001 1248 1032 ad
1269 999 1364 1031 ovid.
1385 998 1466 1028 Met.

378 1054 467 1092 VIII,
504 1054 582 1083 639.
630 1053 703 1082 Hae
741 1059 822 1081 vero
861 1058 965 1080 voces
992 1054 1139 1088 penates
1164 1050 1198 1078 et
1221 1051 1360 1086 nepotes
1381 1052 1460 1082 per-

377 1099 479 1136 petuo
515 1098 761 1129 commutantur
796 1096 831 1126 in
864 1098 960 1128 MSS.
996 1095 1036 1125 de
1074 1104 1139 1133 qua
1170 1102 1208 1124 re
1241 1094 1341 1131 plene
1374 1091 1460 1120 Bur-

376 1152 519 1185 mannus
550 1144 592 1174 ad
616 1143 691 1176 Val.
710 1143 822 1174 Flacc.
846 1144 921 1182 VII,
945 1143 998 1172 50.
1029 1140 1084 1171 ubi
1109 1141 1265 1180 patriam
1291 1140 1326 1169 et
1351 1145 1462 1175 pena-

379 1195 430 1220 tes
459 1189 612 1219 similiter
639 1189 836 1227 conjunctos
859 1187 1010 1226 reperies
1035 1195 1079 1216 ex
1104 1186 1226 1217 ovidio
1251 1185 1285 1214 et
1312 1185 1463 1214 Lucano.

377 1237 521 1275 Insuper
538 1244 658 1266 moneo
684 1245 744 1274 pro
769 1235 858 1266 Hinc
873 1236 963 1265 anni
979 1233 1078 1263 labor
1096 1232 1132 1262 in
1149 1232 1213 1262 isto
1229 1229 1365 1269 Virgilii
1384 1229 1462 1259 loco

377 1281 557 1320 legendum
614 1290 687 1311 esse
730 1281 794 1312 Hic
837 1283 928 1311 anni
971 1279 1094 1318 labor;
1156 1280 1194 1308 ut
1237 1278 1360 1315 Georg.
1403 1275 1464 1313 111,

378 1330 459 1359 288.
515 1328 579 1359 Hic
612 1328 725 1359 labor:
769 1327 847 1357 hinc
872 1325 1008 1356 laudem
1024 1327 1143 1367 fortes
1172 1329 1314 1362 sperate
1342 1319 1464 1351 coloni.

378 1375 474 1404 Hanc
522 1374 768 1413 digressionem
806 1372 905 1403 facile
938 1370 1016 1401 mihi
1051 1369 1278 1410 condonabis,
1322 1368 1467 1403 Lecton

380 1419 408 1450 si
442 1429 509 1450 non
551 1429 647 1455 mea,
694 1420 811 1449 saltem
836 1417 970 1457 Virgilii
997 1426 1108 1447 causa.
1158 1418 1238 1455 [Pro
1263 1415 1388 1446 nitidos
1408 1422 1466 1450 pe-

380 1471 503 1501 nales,
522 1468 605 1496 Ven.
633 1466 779 1496 rutilos.-
811 1466 845 1495 et
871 1472 951 1494 mox
974 1472 1036 1501 pro
1064 1463 1183 1493 nitidis
1211 1462 1324 1493 astris
1351 1458 1469 1489 eadem

382 1512 518 1542 viridis.
543 1513 598 1541 Ex
625 1512 733 1549 Anu]

429 1557 478 1594 [v.
515 1558 589 1589 146.
647 1558 711 1587 Pro
748 1555 856 1584 Clara
889 1553 1006 1586 Heins,
1030 1553 1073 1583 ad
1097 1552 1191 1583 Ovid.
1215 1553 1296 1582 Met.
1320 1552 1364 1590 11,
1392 1550 1470 1579 867.

381 1602 509 1632 mavult
536 1604 640 1632 Cara.
688 1602 754 1633 Sed
778 1610 847 1629 non
876 1609 961 1638 opus
987 1602 1061 1636 est;
1095 1599 1198 1629 immo
1222 1597 1336 1628 verius
1361 1596 1470 1626 Clara

383 1648 528 1685 limina,
555 1649 672 1686 utpote
699 1647 739 1677 de
768 1647 864 1676 domo
891 1644 1101 1686 ntagmfica,
1153 1646 1188 1674 et
1220 1644 1339 1675 nitidis
1359 1651 1469 1683 pena-

385 1695 498 1734 tibus,
525 1703 606 1733 quos
630 1693 683 1723 hic
709 1692 870 1723 describit
897 1694 1008 1730 poeta.
1033 1693 1090 1721 Ex
1113 1692 1220 1728 Anu]

426 1741 509 1770 Mox
532 1750 565 1770 v.
594 1740 670 1770 147.
695 1739 815 1769 nitidis
837 1747 900 1767 nec
927 1739 1045 1768 sordet
1067 1738 1110 1766 ab
1138 1738 1262 1770 astris,
1285 1733 1319 1763 id
1332 1733 1468 1772 est,nec

384 1786 510 1816 Veneri
544 1786 768 1816 contemnitur
803 1783 903 1812 etiam
937 1785 1010 1820 post
1047 1782 1198 1822 caelum,
1239 1779 1369 1810 etiamsi
1394 1778 1468 1816 ejus

382 1829 542 1862 habitatio
560 1831 603 1861 sit
627 1830 662 1860 in
683 1831 790 1861 caelo.
815 1829 862 1858 ita
885 1827 986 1861 Theb.
1009 1830 1066 1863 IV,
1089 1828 1143 1856 84.

472 1879 521 1908 Ab
542 1878 643 1923 ,Jove
675 1878 811 1915 primus
843 1874 972 1911 Itonos,
1017 1871 1112 1903 bellis
1148 1872 1243 1901 modo
1284 1870 1401 1899 laetus
1438 1878 1470 1896 o-

601 1927 724 1953 ventes

471 1966 653 2004 Accipiam

383 2013 419 2044 id
442 2015 513 2053 est,
530 2018 612 2052 post
642 2011 762 2043 Jovem
789 2019 827 2044 tu
855 2014 1025 2044 secundus
1051 2011 1293 2050 invoa-aberis,
1318 2009 1355 2039 ut
1379 2008 1466 2038 bene

385 2059 590 2092 Scholiastes
612 2060 729 2088 Vetus.
778 2059 917 2090 Ovidius
939 2059 1111 2090 Ponticor.
1141 2059 1197 2097 lV,
1226 2058 1256 2086 5.

516 2115 540 2135 a
563 2107 697 2144 magnis
721 2104 814 2136 hunc
843 2107 926 2136 colit
946 2107 1003 2135 ille
1025 2103 1115 2134 deis:

379 2156 465 2190 post
495 2159 636 2190 magnos
671 2152 763 2182 deos.
820 2153 896 2182 Non
934 2153 1045 2181 autem
1076 2149 1188 2188 placet
1214 2146 1341 2176 nitidos
1365 2152 1469 2182 pena-

396 2199 471 2237 tes,
493 2198 527 2226 et
549 2195 658 2225 statim
683 2197 801 2227 nitidis
830 2198 939 2228 astris.
963 2197 1115 2235 suspicor
1138 2194 1201 2224 hoc
1226 2189 1341 2221 deberi
1366 2191 1470 2221 libra-

385 2241 459 2282 rio,
504 2241 559 2279 qui
583 2242 699 2272 oculos
724 2243 906 2280 conjiciens
930 2243 965 2273 in
990 2242 1196 2282 praecedens
1223 2238 1373 2278 nitidos,
1413 2235 1468 2265 hic

385 2288 494 2319 denuo
518 2287 691 2326 repetivit.
721 2289 869 2319 Fortean
896 2290 1016 2329 suerit,

535 2333 670 2363 summis
698 2344 761 2364 nec
787 2337 904 2367 sordet
927 2337 971 2366 ab
993 2336 1102 2367 astris
1119 2342 1131 2363 -·

384 2378 421 2408 ut
445 2380 536 2409 Com.
560 2379 678 2409 Earini
702 2388 733 2409 v.
762 2376 816 2411 49.

527 2424 661 2455 summis
684 2432 809 2465 aequat
839 2427 1068 2457 Germanicus
1096 2425 1212 2456 astris:

384 2470 418 2499 et
442 2468 541 2500 Theb.
568 2471 653 2511 XII,
685 2474 762 2502 128.

384 2559 417 2589 X
475 2516 513 2546 Ic
533 2521 669 2548 torvum
691 2518 907 2558 lacrimans,
933 2517 1136 2557 summisque
1159 2519 1336 2549 irascitur
1357 2515 1466 2548 astris.

427 2581 437 2601 ,
466 2563 544 2593 781.

819 2609 896 2647 jam
923 2611 1068 2646 spiritus
1093 2610 1171 2639 olim

474 2649 563 2681 Ante
599 2652 739 2689 Jovem,
787 2658 822 2683 et
860 2654 994 2684 summis
1029 2657 1163 2693 apicem
1202 2656 1270 2685 sibi
1291 2659 1411 2694 poscit
1428 2660 1465 2689 in

612 2698 722 2727 astris.

387 2739 446 2770 sed
474 2740 556 2770 nihil
581 2743 717 2775 affirmo.
746 2744 843 2772 Vers.
873 2744 948 2773 148.
975 2743 1033 2774 hic
1058 2743 1143 2774 dura
1165 2742 1341 2776 Laconum
1360 2747 1464 2778 Saxa

386 2787 525 2816 virent:
550 2787 692 2818 otiosum
720 2788 854 2819 videtur
876 2789 964 2819 istud
989 2791 1103 2819 dura.-
1140 2790 1260 2820 melius
1282 2793 1368 2822 forte
1393 2794 1463 2824 cla-

387 2841 452 2872 ra,
492 2831 559 2861 nisi
583 2834 671 2870 quod
696 2833 880 2871 praecessit
908 2844 941 2865 v.
972 2837 1045 2867 146.
1073 2835 1244 2876 claraque
1265 2839 1461 2876 gaudentes.

386 2886 422 2908 v.
450 2877 526 2908 149.
550 2887 612 2916 pro
634 2879 705 2909 alto
731 2880 817 2910 mari
841 2890 909 2910 non
931 2883 1018 2912 male
1042 2882 1128 2912 sorte
1151 2882 1218 2921 legi
1242 2885 1351 2921 potest
1370 2890 1461 2927 atro,

386 2924 424 2953 ut
457 2923 623 2962 exprimat
654 2925 870 2956 Homericum
895 2927 983 2957 istud
1018 2928 1133 2960 οἴνοπι
1154 2925 1285 2971 πόντῳ.
1319 2933 1353 2961 et
1377 2939 1459 2963 sane

386 2967 468 2998 satis
494 2969 557 3000 fuit
584 2969 710 3000 dixisse
735 2979 822 3001 vena
851 2973 1011 3004 concolor
1036 2975 1145 3008 mari,
1190 2973 1263 3004 sine
1288 2973 1337 3007 τῶ
1362 2977 1457 3009 alto,-

387 3015 421 3044 et
442 3014 540 3056 alibi,
563 3015 675 3054 Epulo
699 3017 823 3047 Domit.
845 3017 908 3049 hoc
931 3028 1076 3050 marmor
1107 3020 1294 3058 carystium
1315 3011 1417 3054 'vocat

535 3062 655 3099 glauca
679 3065 855 3093 certantia
877 3065 1005 3096 Doride
1028 3074 1135 3106 saxa,

383 3100 447 3133 hoc
471 3105 522 3134 est
544 3113 623 3138 aero
646 3108 732 3138 mari
762 3109 948 3151 certantia,
975 3111 1087 3149 potius
1113 3119 1211 3150 quam
1236 3112 1317 3143 alto.

425 3155 458 3177 v.
486 3151 563 3182 150.
608 3161 777 3192 rupesque
800 3157 930 3193 nitent,
957 3159 1051 3196 queis
1073 3166 1239 3196 purpura
1266 3166 1367 3197 saepe

472 3191 610 3226 Oebalis
637 3202 673 3227 et
701 3198 801 3236 Tyrii
821 3202 1015 3232 moderator
1036 3203 1121 3234 livet
1144 3203 1276 3243 ahena]

382 3234 484 3269 Recte
519 3238 608 3271 hunc
632 3240 748 3275 locum
783 3243 1024 3284 interpretatur
1060 3248 1239 3280 Gevartius
1274 3252 1310 3280 C.
1334 3248 1459 3281 XV111.

1219 419 1407 469 NOTAE
1440 431 1510 468 Ao
1545 419 1651 468 Lm.
1688 418 1723 466 1.
1761 420 1808 466 2.

2524 435 2625 486 92⁷

1534 543 1654 584 Papio.
1687 545 1783 576 Leet.
1825 543 1947 577 contra
1979 542 2163 576 Domitium
2195 543 2253 582 qui
2288 543 2380 580 mir·
2416 548 2624 580 commentus

1536 594 1621 623 erat.
1650 591 1845 622 moderator
1874 591 1976 630 nerii
1999 590 2108 622 aheni
2127 589 2180 619 est
2198 590 2330 622 tinem
2349 594 2532 632 purpurae
2559 592 2624 634 Ίζῃ.

1535 639 1637 669 riae:
1663 638 1749 668 livet
1771 637 1824 667 est
1847 637 1989 669 invidet.
2045 635 2113 668 Sed
2138 633 2256 666 vitium
2285 637 2547 671 occultissimum
2573 639 2624 671 his

1537 682 1651 716 verbis
1685 684 1826 723 subest,
1867 684 1906 714 ut
1942 680 2023 712 mihi
2057 680 2202 712 videtur.
2258 679 2402 714 Primum
2436 685 2528 716 enim
2554 693 2623 716 vox

1538 738 1642 769 saepe
1675 729 1842 760 abundat:
1885 727 2020 760 omittas
2055 727 2147 757 enim
2186 725 2221 756 et
2248 726 2333 756 nihi}
2364 730 2479 761 sensui
2502 731 2622 763 deerit.

1537 775 1629 815 atqui
1654 784 1723 805 non
1750 774 1838 806 solet
1859 774 1988 807 Statius
2008 782 2127 804 vocem
2153 771 2256 802 ullam
2281 771 2441 806 adhibere
2465 776 2621 819 otiosam,

1538 823 1572 852 et
1595 820 1712 851 versui
1734 821 1865 851 tantum
1891 819 2091 859 supplendo.
2139 817 2293 858 Deinde,
2328 827 2397 850 non
2419 821 2505 852 beu·
2530 832 2622 855 com-

1537 869 1713 906 ponuntur
1745 873 1915 898 Punpmm
1950 863 2219 897 Lacedaemonia
2247 865 2280 894 et
2303 872 2462 897 Tixcmn
2487 867 2621 911 Tyrius,

1537 915 1575 944 ut
1612 921 1683 944 vox
1724 911 1812 944 livet
1841 912 1976 952 utrique
2008 911 2209 950 applicetur.
2258 910 2384 950 Porro,
2427 911 2491 944 etsi
2518 913 2623 946 setam

1537 959 1678 991 affectus
1701 959 1801 996 irae,
1837 960 1926 996 odii,
1957 959 2112 997 *invidiae
2144 957 2332 987 eto-..rems
2361 959 2525 990 inanimis
2548 967 2624 992 sae-

1538 1015 1580 1045 pe
1607 1004 1744 1036 attribui
1774 1014 1794 1036 a
1822 1004 1954 1046 poe'tis,
1983 1013 2053 1035 non
2083 1005 2196 1034 tamen
2218 1001 2282 1033 hoc
2309 1002 2431 1044 capio,
2464 1013 2625 1045 purpura

1531 1051 1671 1082 Oebalis
1694 1058 1805 1082 saara
1825 1051 1930 1083 livet.-
1955 1050 2113 1089 quicquid
2132 1048 2220 1079 euim
2248 1055 2358 1079 saera
2378 1050 2509 1081 tantum
2527 1050 2623 1093 livet,

1530 1097 1699 1128 interdum
1722 1098 1756 1127 et
1777 1103 1849 1127 Nox
1869 1098 1971 1127 livet:
2001 1096 2093 1134 atqui
2111 1094 2288 1126 ridiculum
2311 1094 2624 1136 videtui-suppone-

1529 1154 1567 1175 re
1579 1144 1664 1174 hanc
1674 1152 1859 1182 purpuram
1871 1150 1980 1174 nonis:
1989 1142 2151 1173 liventem
2162 1141 2212 1171 his
2230 1140 2381 1183 rupibus,
2405 1149 2493 1173 clus
2501 1153 2570 1175 non
2577 1143 2621 1174 11·-

1531 1192 1679 1226 ventem‚
1701 1199 1776 1220 cum
1788 1198 1901 1220 eausa
1916 1188 2065 1219 invidiae
2084 1187 2200 1218 eadem
2210 1190 2355 1218 maneat.
2383 1189 2481 1224 Quod
2491 1188 2520 1219 si
2539 1189 2624 1221 haee

1532 1236 1645 1267 omnia
1661 1235 1757 1265 nihili
1782 1236 1870 1276 sint,
1894 1237 2002 1266 Aures
2026 1238 2138 1265 tamen
2159 1235 2193 1264 et
2204 1242 2276 1264 mos
2296 1233 2394 1265 Statii
2405 1234 2491 1266 hane
2502 1244 2623 1267 vocem

1532 1283 1752 1320 redarguunt.
1798 1281 1860 1311 Ille
1885 1281 1974 1311 enim
2001 1290 2070 1311 non
2094 1280 2182 1310 solet
2212 1288 2348 1310 versum
2372 1280 2529 1313 claudere
2553 1283 2623 1313 tam

1535 1327 1697 1367 languido
1730 1328 1765 1358 et
1793 1326 1874 1357 exili
1898 1328 1932 1357 et
1957 1326 2074 1357 enervi
2098 1326 2275 1357 vocabulo.
2322 1327 2555 1359 Haec-omnia
2579 1337 2621 1359 eo

1536 1375 1701 1414 tendunt,
1724 1375 1763 1404 ut
1788 1373 1960 1412 intelligas
1984 1372 2125 1404 Statium
2141 1394 2150 1412 ,
2178 1380 2254 1403 meo
2278 1370 2419 1413 judicio,
2447 1372 2621 1413 scripsisse

1976 1420 2070 1458 queis
2092 1427 2252 1457 purpura
2279 1417 2367 1447 cedit

1630 1464 1790 1504 Oebalis,
1821 1470 1857 1495 et
1883 1464 1984 1503 Tyrii
2005 1466 2200 1495 moderator
2221 1462 2304 1493 livet
2330 1462 2446 1496 aheni.

1537 1511 1678 1542 Minima
1703 1513 1754 1540 est
1786 1509 1977 1541 differentia
2002 1511 2091 1541 inter
2119 1511 2209 1541 cedit
2234 1511 2268 1539 et
2293 1519 2395 1549 sepe,
2430 1507 2508 1550 (hoe
2531 1508 2622 1540 enim

1537 1558 1636 1588 modo
1669 1556 1842 1598 scribitur)
1878 1566 1953 1586 cum
1986 1566 2003 1588 s
2026 1559 2060 1587 et
2084 1566 2102 1587 c
2126 1557 2265 1595 propter
2288 1555 2541 1586 similitudinem
2567 1563 2623 1586 so-

1538 1613 1620 1645 nus,
1669 1612 1693 1641 p
1726 1604 1760 1632 et
1791 1603 1815 1632 d
1846 1604 1984 1641 propter
2022 1602 2276 1633 similitudinem
2308 1602 2467 1631 ductuum
2501 1600 2622 1631 calami

1538 1647 1734 1688 saepissime
1769 1648 2029 1682 confundantur.
2076 1651 2126 1679 Ita
2151 1657 2254 1686 supra
2284 1655 2314 1677 v.
2345 1647 2420 1678 139.
2449 1655 2511 1685 pro
2536 1646 2623 1678 Sae-

1536 1707 1579 1735 pe
1611 1696 1734 1733 neget,
1778 1696 1883 1725 Vetus
1917 1694 2025 1725 codex
2047 1693 2162 1725 habuit
2193 1694 2289 1724 Sede.
2333 1693 2436 1723 Recte
2460 1701 2544 1724 vero
2569 1703 2620 1724 ce-

1538 1742 1599 1773 dic.
1647 1739 1852 1770 Claudianus
1878 1741 1914 1770 in
1942 1741 2085 1779 Eutrop.
2110 1742 2154 1780 11,
2182 1741 2262 1771 272.
2285 1739 2327 1769 de
2352 1738 2514 1778 Phrygia:

1631 1787 1740 1816 Dives
1767 1788 1864 1827 equi,
1883 1786 1982 1828 felir
2000 1795 2183 1825 pecorum,
2204 1788 2425 1825 pretiosaque
2447 1786 2541 1824 picto

1630 1830 1658 1873 y
1663 1832 1861 1869 Marmore,
1889 1835 2074 1871 purpureis
2101 1831 2155 1862 cui
2181 1831 2269 1862 cedit
2298 1831 2468 1871 Synnada
2488 1831 2596 1862 venis.

1538 1877 1699 1908 Horatius
1726 1879 1833 1908 Serm-
1859 1879 1902 1916 11,
1928 1878 1962 1908 4.

1628 1922 1767 1952 Picenis
1795 1923 1918 1952 cedunt
1943 1922 2049 1960 pomis
2080 1922 2238 1953 Tiburtia
2262 1931 2378 1953 succo.

1537 1967 1697 1998 decedere
1729 1967 1847 1998 eodem
1884 1976 1984 1998 sensu
2015 1969 2107 1998 Idem
2134 1970 2244 1998 Carni.
2267 1969 2311 2008 Π,
2338 1970 2371 1999 6.
2396 1966 2561 2005 Exempla
2582 1965 2620 1996 in

1538 2014 1685 2052 qualibet
1709 2013 1832 2052 pagina
1855 2013 1972 2044 Nostri
1995 2016 2029 2043 et
2055 2013 2208 2044 aliorum.

1583 2068 1615 2090 v.
1644 2061 1718 2091 152.
1756 2060 1908 2091 Pendent
1930 2061 2121 2090 innumeris
2139 2060 2299 2102 fastigia
2322 2060 2412 2088 nixa
2436 2057 2618 2095 columnis]

1538 2106 1645 2136 Probe
1683 2104 1752 2135 scio
1784 2115 1901 2137 vocem
1934 2106 2086 2145 pendent
2110 2105 2244 2137 defendi
2268 2113 2367 2143 posse
2393 2111 2438 2134 ex
2461 2102 2620 2135 Martiale

1538 2152 1654 2191 Epigr.
1680 2153 1723 2190 11,
1754 2153 1807 2183 14.

1631 2197 1717 2226 ImIe
1740 2200 1831 2236 petit
1857 2202 1991 2229 centum
2013 2196 2196 2236 pendentia
2221 2200 2315 2226 tecta
2337 2193 2521 2225 columnis:

1538 2244 1583 2275 Et
1614 2245 1744 2275 Seneca
1774 2244 1882 2283 Epist.
1916 2245 1985 2275 XC.
2014 2248 2055 2274 ut
2077 2253 2122 2275 ex
2147 2244 2210 2274 illa
2234 2241 2410 2272 lacunaria
2431 2246 2621 2280 aaro‘gra-

1537 2293 1597 2322 via
1623 2289 1822 2328 penderent.
1849 2293 1882 2321 et
1912 2289 2095 2320 Prudent‘io
2126 2287 2310 2328 Apotheosi
2336 2296 2368 2318 v.
2393 2288 2475 2318 202.

1630 2335 1736 2373 Cujus
1759 2346 1846 2367 onus
1872 2337 1976 2367 nullis
2001 2337 2120 2366 fultum
2149 2335 2294 2366 sublime
2322 2331 2485 2364 columnis

1627 2381 1777 2413 Fornice
1800 2388 1949 2413 curvato
1973 2385 2071 2413 tenui
2097 2391 2200 2421 super
2232 2389 2317 2411 arce
2338 2376 2509 2417 pependit-

1534 2427 1591 2458 ubi
1635 2427 1730 2458 vides
1765 2438 1850 2460 onus
1881 2429 2016 2471 fultum
2038 2429 2204 2459 columns
2226 2425 2405 2465 pependit,
2447 2423 2547 2462 plane
2577 2420 2617 2451 ut

1537 2473 1610 2515 hic,
1627 2475 1784 2515 fastigia
1807 2477 1897 2505 nitra
1925 2475 2090 2505 columnis
2113 2473 2272 2512 pendent.
2317 2471 2432 2509 Haec,
2468 2469 2616 2507 inquam,

1538 2521 1572 2549 et
1614 2520 1681 2549 alia
1722 2520 1793 2551 scio
1834 2519 2038 2550 huiusmodi:
2089 2518 2168 2549 mihi
2204 2518 2317 2546 tamen
2355 2514 2461 2553 magis
2492 2513 2615 2554 piacet,

1537 2565 1722 2603 Splendent
1745 2567 1935 2597 innumeris
1961 2568 2025 2595 etc.
2052 2566 2090 2594 ut
2112 2562 2318 2602 respondeat
2337 2559 2384 2603 τῷ
2403 2562 2520 2592 lucent
2540 2568 2616 2590 ver-

1536 2620 1574 2641 su
1599 2611 1775 2651 sequenti,
1813 2611 1998 2650 Splendeat
2016 2611 2171 2651 fastigia,
2200 2610 2319 2639 lucent
2347 2608 2481 2637 robora.
2507 2605 2615 2645 major

1537 2658 1628 2687 certe
1657 2656 1734 2685 hinc
1762 2658 1879 2687 domus
1902 2657 2157 2687 commendatio.
2206 2657 2257 2685 Ita
2278 2653 2380 2683 Theb.
2414 2655 2451 2689 1,
2477 2652 2554 2684 145.

1627 2702 1802 2733 Montibus
1830 2708 1895 2734 aut
1917 2704 1988 2734 alte
2014 2703 2134 2735 Graiis
2162 2702 2287 2742 effulta
2315 2699 2469 2730 nitebant

1622 2747 1738 2778 Atria.

1533 2794 1702 2824 catalecta
1725 2795 1801 2824 Vet.
1827 2794 1920 2824 Poet.

1621 2839 1741 2869 Aurea
1768 2841 1857 2879 quod
1883 2849 2011 2870 summo
2037 2839 2215 2879 splendent
2239 2839 2424 2879 laquearia
2446 2844 2544 2872 tecto.

1530 2886 1654 2918 Noster
1681 2885 1775 2916 Baln.
1799 2886 1933 2916 Etrusc.

1967 2933 2067 2961 vario
2089 2930 2224 2970 fastigia
2244 2932 2337 2961 vitro

1619 2975 1663 3006 In
1690 2977 1820 3014 speeies
1846 2978 2045 3018 animosque
2068 2977 2187 3008 nitent.
2223 2975 2396 3014 Sequitur,

1622 3021 1828 3054 Exn-ludunt
1852 3024 1971 3055 radios
2000 3023 2099 3054 silvis
2126 3025 2279 3057 decussa
2305 3019 2453 3052 vetustis

1619 3067 1794 3109 Frigora:

1530 3112 1584 3145 Ex
1609 3114 1752 3153 Virgilio
1775 3114 1897 3154 Georg.
1927 3115 1970 3156 11,
1995 3114 2075 3145 404.

1619 3160 1777 3199 Frigidus
1802 3162 1836 3190 et
1859 3159 1954 3190 silvis
1982 3159 2110 3200 Aquilo
2140 3156 2289 3189 decussit
2312 3158 2498 3190 honorem.-

1529 3203 1587 3234 ubi
1624 3207 1719 3237 notat
1756 3204 1893 3237 servius
1925 3205 2088 3236 Varronis
2124 3204 2212 3235 hunc
2244 3213 2318 3235 esse
2348 3212 2496 3236 versum.
2544 3203 2612 3235 Sed

1528 3258 1648 3289 parum
1672 3250 1840 3293 feliciter,
1878 3251 1917 3282 ut
1939 3250 2019 3282 mihi
2045 3250 2199 3292 videtur,
2224 3250 2312 3283 hunc
2331 3251 2442 3283 locum
2460 3248 2610 3282 imitatus
