2892 3840
405 546 619 579 festinabat
636 545 768 578 heras?
790 547 950 579 brevibus
978 548 1218 588 constringere
1242 547 1356 578 laenis

405 595 578 634 Pectora,
604 597 641 623 et
663 595 806 632 angusta
829 594 914 624 telas
939 595 1071 623 arctare
1097 593 1244 623 lacerna.

404 640 574 671 Enormes
598 649 667 670 non
691 640 750 670 ille
777 638 890 680 sinus,
916 640 979 670 sed
1000 647 1137 677 semper
1162 640 1210 669 ad
1231 647 1346 669 annos

410 686 526 717 Texta
549 686 664 726 legens
677 707 687 726 ‚
710 686 804 716 mod·
826 686 977 724 puniceo
1001 685 1142 715 velabat
1162 686 1305 720 amictu,

404 733 507 764 Nune
530 731 658 763 herbas
680 733 840 762 imitante
864 731 962 772 sinu,
988 741 1081 762 nunc
1105 731 1204 761 dulce
1231 730 1371 760 rubenti

406 778 552 809 Murice.

316 823 369 853 lt-
409 825 527 864 legunt
562 830 679 853 omnes
712 823 875 861 quotquot
907 820 978 852 vidi
1015 821 1204 853 editiones:
1244 823 1279 851 et
1302 818 1395 859 quasi

318 869 432 901 omnia
467 868 579 901 facilia
606 870 719 899 essent
743 871 963 907 praetereunt
986 869 1206 907 Interpretes,
1250 866 1395 897 Primum

317 913 419 953 igitur
452 924 600 955 quaero,
653 915 820 953 quodnam
866 916 1002 945 verbum
1043 913 1216 953 praecedit
1260 911 1398 942 infiniti-

317 968 397 992 vum
421 961 509 993 istud
535 959 801 1001 constringere?
835 960 966 997 dicent,
997 960 1139 998 opinor,
1171 960 1398 1002 festinabat,-

318 1007 450 1038 nullnm
482 1007 570 1038 enim
604 1006 698 1037 aliud
733 1008 797 1036 est.
827 1006 929 1037 herus
969 1005 1071 1044 igitur
1088 1005 1292 1048 festinabat
1316 1014 1397 1035 con-

317 1056 494 1095 stringere
528 1054 668 1092 pectora
698 1052 796 1090 pueri
832 1052 989 1082 brevibus
1016 1052 1134 1084 laenis,
1162 1050 1245 1080 nihil
1269 1049 1397 1080 minus:

318 1108 490 1138 nunquam
529 1098 618 1129 enim
645 1097 712 1128 hoe
737 1098 866 1128 faceret
887 1097 915 1127 si
942 1098 1044 1126 ullam
1071 1096 1189 1128 salutis
1216 1095 1310 1134 pueri
1337 1104 1398 1125 cu-

317 1154 390 1176 ram
423 1146 572 1176 haberet.
607 1143 692 1173 haee
721 1142 816 1173 enim
842 1144 1042 1173 constrictio
1066 1142 1100 1172 in
1124 1143 1258 1172 morbos
1282 1143 1398 1179 pecto-

316 1193 409 1222 rales
442 1199 580 1230 puerum
615 1187 800 1226 conjiceret
833 1191 868 1218 et
890 1190 1025 1218 auctum
1055 1188 1252 1226 impedirem
1273 1189 1307 1216 et
1332 1188 1396 1217 hoc

317 1237 354 1267 in
389 1237 503 1267 Nonis
543 1235 712 1265 faciebant
754 1236 895 1265 Veteres
930 1231 1186 1277 γλωττοκόμοις
1219 1232 1310 1272 suis,
1360 1235 1396 1262 ut

318 1285 461 1326 testatur
483 1280 658 1320 Longinus
677 1280 764 1311 libro
789 1280 863 1323 ,voi
883 1276 948 1321 ὗψ.
973 1289 1001 1309 e.
1027 1281 1085 1310 44.
1135 1279 1272 1309 Dixisse
1293 1279 1396 1318 igitur

317 1328 453 1369 debuit,
480 1335 551 1359 nox
574 1326 834 1367 constringebat
861 1327 998 1364 pectora
1026 1325 1183 1355 brevibus
1205 1325 1331 1355 laenis:
1362 1326 1396 1354 et

317 1374 366 1405 ita
389 1383 472 1405 sane
495 1373 594 1409 dixit,
625 1375 662 1403 ut
681 1381 759 1402 mox
778 1371 973 1402 videbimus.
1002 1372 1069 1401 Sed
1093 1371 1172 1410 quid
1196 1372 1284 1401 esset
1307 1371 1395 1408 quod

320 1421 490 1461 sequitur,
535 1419 718 1451 festinabat
754 1423 900 1448 arctare
935 1417 1023 1447 telas
1048 1423 1201 1458 angusta
1225 1414 1396 1446 lacerna?

320 1467 398 1505 quid
431 1468 483 1497 est
515 1470 660 1496 arctare
681 1464 793 1500 telas,
836 1465 894 1493 aut
918 1472 984 1501 qua
1010 1464 1148 1493 notione
1171 1462 1395 1492 sumendum?

319 1522 441 1544 revera
464 1521 532 1542 non
559 1511 724 1551 intelligo.
749 1511 784 1539 et
807 1508 834 1538 si
861 1508 1084 1546 intelligerem
1111 1507 1192 1547 quid
1221 1509 1311 1537 esset
1335 1516 1394 1536 ar-

322 1564 419 1589 ctare
449 1559 561 1593 telas,
605 1555 725 1586 scirem
752 1557 864 1584 tamen
886 1553 1129 1592 ineptissimum
1154 1562 1228 1583 esse
1251 1558 1396 1583 arctare

319 1605 405 1634 telas
428 1607 580 1644 angusta
610 1602 757 1632 lacerna.
803 1599 839 1630 Si
865 1601 956 1630 enim
979 1600 1069 1629 telae
1091 1606 1310 1630 ARCTASTUR
1334 1598 1398 1627 mi-

318 1659 393 1681 rum
417 1647 452 1679 ni
478 1650 625 1679 lacerna
649 1648 722 1686 (seu
747 1646 968 1684 quodcunque
985 1645 1126 1683 texitur)
1152 1653 1315 1675 ANGUSTA
1334 1644 1397 1674 sit:
1420 1655 1426 1663 =

318 1696 405 1727 adeo
438 1696 476 1724 ut
510 1695 608 1733 plane
644 1692 792 1723 abundet
817 1694 851 1721 et
875 1692 1080 1730 superfluum
1106 1691 1150 1721 sit
1174 1692 1261 1722 istud
1286 1700 1397 1731 angu-

315 1747 395 1782 sta,
440 1750 514 1771 eum
549 1739 643 1779 prius
669 1737 796 1769 dixeris
825 1743 980 1769 arctare.
1026 1737 1185 1776 Sequitur
1206 1746 1323 1777 porro,
1350 1736 1398 1766 Ε-

318 1796 455 1819 normes
479 1795 549 1817 non
572 1786 629 1816 ille
654 1787 751 1816 sinus
778 1784 911 1823 legens:
946 1784 1037 1821 atqui
1062 1784 1124 1814 hoc
1148 1786 1227 1814 ante
1252 1783 1396 1822 dixerat,

319 1843 394 1864 cum
431 1832 528 1863 nobis
557 1831 711 1862 narravit
740 1831 856 1860 herum
882 1829 1057 1860 festinasse
1084 1830 1316 1868 constringere
1340 1837 1398 1867 pe-

317 1883 393 1912 ctus
417 1880 513 1918 pueri
536 1878 696 1909 breribus
721 1877 841 1907 laenis.
869 1875 957 1913 quod
982 1884 1060 1906 nam
1084 1886 1169 1914 opus
1194 1876 1255 1906 hoc
1276 1875 1398 1905 iterum

318 1925 500 1965 ingereret
544 1924 640 1954 mitto
663 1931 816 1954 enormes
844 1928 956 1960 smus,
982 1924 1027 1961 et,
1056 1931 1148 1952 nnnc
1173 1922 1300 1951 herbas
1328 1922 1401 1951 imi-

320 1977 419 2002 tante
440 1978 532 2002 slxu.
577 1969 679 2001 Vides
708 1971 788 2006 quot
811 1967 1059 1998 difficultatibus
1082 1970 1117 1997 et
1138 1967 1399 1998 absurditatibus

320 2019 453 2048 laborat
475 2017 590 2047 locus:
619 2015 714 2053 cujus
741 2023 786 2044 ex
814 2016 909 2052 parte
936 2013 1185 2044 restitutionem
1214 2013 1273 2044 tibi
1299 2022 1400 2051 spon-

321 2064 386 2094 deo
406 2062 434 2093 si
458 2070 616 2093 amoveas
639 2060 887 2091 distinctionem
911 2062 990 2098 post
1009 2060 1176 2096 lacerna,
1213 2062 1247 2090 et
1269 2068 1331 2098 pro
1356 2060 1400 2090 si·-

321 2119 387 2141 nus
412 2110 506 2148 legas
526 2110 648 2139 sinens
660 2121 670 2140 .-

675 2152 834 2182 brem'bus
856 2152 1098 2190 constringere
1121 2150 1236 2180 laenis

413 2200 583 2239 Pectora,
609 2203 644 2229 et
665 2202 819 2238 angusta
846 2197 936 2227 telas
959 2201 1105 2226 arc-tare
1128 2196 1276 2225 lacerna

410 2246 581 2276 Enormes
606 2255 672 2275 non
695 2244 754 2274 ille
772 2243 908 2282 sinens,
937 2243 999 2273 sed
1022 2251 1156 2281 semper
1180 2242 1228 2271 ad
1250 2247 1362 2271 annos

416 2292 532 2323 Tema
554 2292 689 2330 legens,
716 2290 811 2320 niodo
836 2291 900 2318 etc.

319 2337 383 2367 hoc
416 2338 514 2368 modo
544 2346 632 2367 nova
664 2345 778 2367 rerum
817 2334 919 2364 facies
951 2332 1043 2363 nasci
1082 2331 1211 2370 incipit.
1265 2331 1311 2360 Et
1331 2330 1397 2368 iam

321 2383 422 2415 video
457 2384 633 2423 legendum
671 2391 744 2412 esse
773 2382 920 2411 lacerna
945 2381 1097 2414 enormi,
1140 2380 1177 2407 ut
1207 2380 1397 2415 opponatur

320 2431 483 2462 brevibus
520 2431 660 2460 laenis:
711 2437 775 2458 nec
806 2427 964 2457 brevibus
1003 2426 1119 2455 laenis
1152 2433 1214 2454 nec
1249 2424 1396 2453 lacerna

320 2478 462 2507 enormi.
516 2476 608 2516 Hoc,
659 2473 755 2511 quasi
795 2473 872 2510 filo,
915 2472 956 2502 ad
989 2479 1123 2500 sensum
1154 2469 1218 2500 loci
1248 2469 1395 2509 deducit,

323 2522 377 2559 qui
412 2523 465 2553 hic
507 2526 580 2552 est:
636 2521 708 2550 Nec
753 2519 949 2558 permittens
988 2518 1103 2547 laenis
1149 2515 1286 2546 nimium
1322 2516 1398 2545 bre-

323 2569 420 2598 ribus
445 2571 478 2599 et
501 2569 585 2599 artis
609 2569 726 2605 pectus
752 2565 995 2602 constringere,
1020 2572 1082 2593 nec
1109 2566 1226 2594 contra
1250 2563 1397 2592 lacerna

324 2617 457 2644 enormi
483 2615 632 2644 membra
665 2611 809 2651 puerilia
843 2619 1010 2650 gravare3
1056 2609 1115 2638 sed
1152 2611 1252 2647 prout
1286 2607 1397 2638 incre-

324 2662 469 2688 mentum
505 2659 602 2697 pueri
633 2660 668 2688 et
699 2660 791 2688 aetas
815 2658 1027 2696 postulabat,
1072 2655 1118 2685 ita
1138 2664 1270 2692 semper
1294 2654 1398 2692 adap-

325 2708 399 2734 tans
435 2708 469 2734 et
497 2705 611 2745 legens
636 2704 857 2739 vestimenta,
899 2702 1066 2735 interdum
1092 2701 1237 2739 puniceo
1261 2700 1396 2739 amictu,

324 2750 491 2781 interdum
527 2749 626 2780 viridi
651 2751 729 2779 sinu
762 2750 818 2779 vel
842 2749 980 2779 thorace
1008 2747 1180 2778 sestiebat.
1226 2748 1318 2777 naec
1346 2746 1396 2775 vi-

324 2797 423 2827 detur
466 2804 540 2825 esse
578 2791 673 2824 mens
713 2794 810 2832 hujus
844 2794 930 2834 loci,
981 2794 1118 2832 elegans
1151 2796 1184 2824 et
1219 2793 1394 2824 concinna.

323 2844 420 2873 Viam
445 2842 505 2872 tibi
530 2840 667 2879 aperui:
693 2839 720 2869 si
745 2839 900 2871 oculatus
923 2838 994 2875 sis,
1018 2848 1079 2878 per
1102 2843 1136 2869 te
1162 2838 1290 2870 videbis
1317 2838 1396 2877 qnid

323 2888 511 2920 faciendum
538 2887 581 2917 sit
603 2885 676 2916 istis
697 2891 849 2925 angusta
877 2886 965 2915 telas
988 2890 1155 2915 arctare.-
1182 2885 1210 2914 si
1228 2886 1323 2923 ‘non,
1348 2884 1398 2914 di-

325 2937 455 2966 centem
493 2936 551 2964 aut
579 2931 754 2970 irridebis,
800 2933 859 2960 aut
890 2930 985 2960 fidem
1021 2939 1089 2961 non
1114 2930 1261 2960 habebis.
1307 2931 1397 2960 Tan-

324 2984 393 3011 tum
420 2989 539 3010 moneo
566 2987 609 3008 ne
637 2979 730 3017 legas
752 2982 902 3015 aptare,
927 2975 1016 3014 quod
1049 2975 1157 3013 primo
1182 2976 1304 3006 intuitu
1327 2977 1397 3006 for-

325 3031 359 3057 te
389 3025 632 3057 adblandietur.
681 3022 821 3062 [Merito
850 3023 959 3052 locum
985 3021 1074 3050 hunc
1098 3030 1161 3059 pro
1187 3021 1399 3059 corruptissi-

327 3082 381 3103 mo
407 3071 534 3103 notavi.
579 3073 708 3101 veneta
740 3069 840 3099 habet
864 3068 954 3098 telas
974 3066 1140 3104 jactare,
1182 3076 1242 3104 pro
1267 3071 1400 3097 artare.

327 3118 419 3150 unde
454 3116 534 3148 mihi
569 3116 783 3147 confirmatur
815 3113 903 3153 quod
938 3113 1058 3143 dudum
1083 3110 1271 3149 suspicatus
1297 3122 1402 3153 eram,

329 3173 450 3204 nempe
472 3172 588 3194 vocem
612 3167 734 3192 artare
758 3160 835 3190 huic
858 3160 933 3192 loco
961 3157 1137 3196 irrepsisse
1160 3158 1336 3190 formatam
1359 3166 1403 3189 ex

329 3210 398 3242 alia
419 3210 520 3241 simili
542 3217 647 3246 voce3
683 3214 804 3244 nempe
830 3215 872 3236 ex
896 3213 980 3235 voce
1007 3209 1132 3234 arcus.-

685 3253 843 3284 orez-ibus
874 3252 1112 3291 constringere
1139 3249 1248 3280 laenis

1134 421 1324 470 NOTAE
1357 434 1428 470 Ao
1461 422 1567 470 Lm.
1592 422 1648 469 Π.
1686 425 1728 469 1.

2445 435 2546 482 219

1552 547 1722 587 Pectora,
1748 551 1784 578 et
1808 552 1977 587 angustos
2001 553 2104 580 artes
2132 552 2270 581 factare
2295 551 2440 586 lacerna

1553 593 1701 624 Enormi
1725 602 1795 623 non
1819 593 1877 624 ille
1903 595 2043 631 sinens,
2066 595 2130 626 sed
2154 605 2290 635 semper
2314 600 2362 630 ad
2386 610 2497 633 annos

1558 640 1673 669 Tea-ta
1699 639 1828 679 legens,
1855 640 1950 669 modo
1972 642 2120 679 puniceo
2143 643 2284 674 velabat
2309 647 2452 677 amictu.

1462 682 1548 714 Vide
1578 686 1703 724 Notas,
1741 685 1797 715 ubi
1828 684 1950 722 partim
1977 687 2152 724 emendavi
2186 691 2221 719 et
2252 690 2431 728 explicavi.
2482 693 2545 725 Ja-

1465 734 1564 761 ctare
1587 736 1754 772 angustos
1779 735 1882 761 artus
1906 734 2041 763 enormi
2061 733 2229 771 lacerna,
2254 739 2326 775 est,
2368 737 2543 777 imponen-

1465 776 1508 806 do
1534 777 1630 807 laxas
1657 780 1691 807 et
1712 786 1866 807 enormes
1892 779 2003 808 vestes
2026 779 2181 818 angustis
2206 783 2345 812 artubus
2366 784 2478 815 facere
2507 789 2543 816 ut

1465 824 1558 853 artus
1591 822 1735 855 maiores
1772 826 1958 861 appareant
1986 834 2082 862 quam
2116 835 2239 857 revera
2269 831 2366 859 sunt:
2413 834 2447 860 et
2479 832 2541 863 boc

1465 869 1645 908 opponitur
1690 868 1926 909 praecedenti,
1974 871 2133 902 brevibus
2167 875 2404 915 constringere
2429 877 2540 909 laenis

1463 921 1618 953 pectora.
1664 916 1826 945 Neutrum
1855 915 1991 953 horum,
2038 916 2148 955 inquit
2173 919 2320 960 Statius,
2363 921 2444 952 fecit
2468 926 2541 954 Me-

1466 962 1555 992 lior:
1582 962 1645 992 sed
1666 971 1801 1000 semper
1824 963 1874 991 ad
1897 971 2009 992 annos
2034 967 2133 995 texta
2159 963 2302 1003 legebat.
2328 966 2386 996 Ex
2411 970 2521 1009 Anu]

1513 1017 1544 1037 v.
1580 1009 1652 1038 135.
1789 1017 1855 1036 non
1888 1009 1993 1037 turba
2026 1018 2155 1044 comes,
2199 1020 2267 1041 non
2300 1021 2444 1044 munera
2470 1024 2543 1045 ces-

1468 1056 1559 1092 sant]
1590 1054 1761 1088 Quaenam
1789 1053 1871 1082 haec
1898 1062 2043 1084 munera
2072 1064 2171 1085 nemo
2195 1056 2397 1098 explicavit,
2422 1062 2457 1090 et
2480 1061 2541 1091 mi-

1467 1109 1541 1128 rum
1567 1099 1699 1135 quidem
1724 1101 1773 1128 est
1800 1098 1827 1128 si
1860 1107 1927 1129 vox
1962 1101 2055 1138 cujus
2078 1101 2276 1140 significatio
2299 1106 2365 1134 tani
2391 1105 2461 1136 late
2482 1116 2542 1145 pa-

1465 1147 1534 1183 tet,
1579 1144 1732 1174 absolute
1768 1147 1801 1173 et
1834 1153 1893 1182 per
1924 1143 1991 1185 yse
2018 1150 2185 1186 ponatur,
2229 1158 2302 1179 cum
2328 1159 2371 1180 ex
2397 1151 2540 1183 eircum-

1465 1188 1598 1221 stantiis
1623 1198 1691 1219 non
1717 1188 1829 1228 colligi
1853 1190 1958 1228 possit
1987 1201 2052 1229 quo
2076 1202 2176 1222 sensu
2202 1192 2343 1233 intelligi
2374 1201 2540 1236 oporteat.

1464 1237 1532 1267 Sed
1572 1238 1606 1265 et
1638 1243 1740 1273 quare
1776 1240 1917 1265 cessant
1941 1235 1975 1265 in
2001 1238 2168 1275 praesenti
2191 1242 2361 1282 tempore,
2404 1253 2479 1274 cum
2505 1249 2541 1276 et

1464 1281 1703 1321 praecedentia
1736 1282 1769 1310 et
1806 1283 2041 1319 subsequentia
2076 1284 2110 1314 in
2134 1286 2317 1323 praeterito
2346 1288 2532 1323 efferantur

1464 1329 1625 1364 velabat,
1650 1327 1843 1368 gaudebat,
1868 1327 2013 1359 deerat?
2044 1331 2152 1370 Lege,
2530 1314 2540 1332 ⁷

1683 1382 1751 1402 non
1776 1373 1879 1403 turba
1905 1383 2016 1404 comes
2043 1386 2110 1406 nov-e
2135 1386 2280 1407 munera
2304 1387 2424 1410 census

1557 1418 1642 1448 Sola
1666 1419 1857 1448 verecundo
1882 1418 1998 1449 deerat
2017 1427 2209 1459 praetexta
2232 1424 2359 1458 decors.

1465 1463 1548 1493 nihil
1571 1464 1707 1494 certius.
1735 1466 1814 1492 ante
1841 1465 1955 1494 oculos
1979 1465 2093 1496 habuit
2118 1468 2292 1497 Horatium
2317 1471 2425 1501 Sel-m.
2447 1473 2476 1512 Ι,
2507 1475 2540 1503 ὓ.

1740 1513 1886 1547 vestem,
1911 1518 2093 1550 servosque
2118 1519 2297 1551 sequentes

1556 1553 1600 1582 In
1623 1562 1746 1593 magno
1770 1558 1810 1583 ut
1827 1556 1956 1592 populu
1990 1559 2024 1586 si
2042 1559 2117 1597 qm‘s
2148 1559 2318 1598 vidisset,
2346 1561 2437 1592 avita

1555 1598 1617 1628 Ea*
1644 1607 1681 1629 re
1701 1600 1868 1638 praeberi
1889 1606 2021 1632 sumtus
2046 1603 2131 1632 mihi
2151 1605 2307 1634 crederet
2328 1607 2417 1638 illos.

1466 1644 1518 1673 ita
1554 1647 1588 1674 et
1622 1645 1675 1674 hic
1713 1645 1869 1675 Glaucias
1903 1647 2102 1678 describitur
2135 1659 2252 1679 omues
2277 1646 2425 1691 Ingentia·
2444 1655 2542 1685 nota·

1464 1689 1614 1730 habens,
1662 1690 1803 1731 Vestes,
1836 1702 2012 1732 gemmas,
2044 1704 2165 1725 servos
2191 1703 2392 1739 sequentes,
2427 1702 2460 1729 et
2484 1710 2541 1731 ce-

1466 1739 1542 1766 tera
1579 1746 1703 1767 census
1734 1740 1768 1767 et
1796 1738 1989 1775 patrimonii
2013 1740 2110 1780 signa
2137 1743 2171 1770 et
2196 1751 2362 1784 munera,
2402 1749 2542 1783 praeter

1463 1788 1702 1821 praetextam.
1746 1792 1891 1814 munera
1930 1795 2077 1825 census,
2133 1789 2170 1816 ut
2207 1797 2352 1820 munera
2382 1792 2541 1829 pulveris

1466 1829 1584 1859 Horat.
1610 1830 1719 1858 Carm.
1744 1831 1779 1867 1,
1812 1830 1868 1860 28.
1895 1839 2040 1862 munera
2066 1834 2191 1863 tumuli
2212 1833 2355 1865 Sabinus
2378 1837 2484 1875 Epist.
2514 1840 2540 1877 1,

1467 1875 1524 1905 26.
1560 1883 1700 1904 munere
1733 1875 1829 1904 clave·
1858 1875 2142 1916 Propemp.'Met.
2166 1879 2236 1909 Cel.
2264 1888 2295 1912 v,
2325 1882 2403 1912 124.
2427 1894 2544 1915 mnne-

1467 1929 1514 1950 ra
1543 1922 1712 1951 solent-iae
1747 1920 1917 1950 Arnobius
1946 1922 2004 1953 lib.
2039 1925 2082 1953 n.
2119 1933 2152 1962 p.
2174 1926 2234 1955 55.
2278 1935 2424 1958 munera
2447 1931 2539 1961 lucis

1467 1965 1624 1996 Sedulius
1660 1968 1711 2006 V,
1762 1968 1816 1997 55.
1851 1967 1907 2004 qui
1938 1969 2062 1999 multus
2094 1972 2145 1999 est
2175 1970 2211 1999 in
2244 1969 2307 2000 hoc
2339 1973 2434 2004 vocis
2462 1984 2541 2010 usu.

1467 2012 1660 2052 Symposius
1685 2011 1803 2051 Aenig.
1829 2012 1928 2043 XCV.
1952 2014 1992 2044 de
2020 2016 2153 2045 umbra:

1559 2059 1648 2088 Nam
1673 2059 1769 2088 Deus
1794 2060 1961 2090 attribuit
1987 2062 2083 2091 nobis
2107 2061 2195 2090 haec
2219 2070 2359 2093 munera
2382 2064 2508 2096 formae

1559 2105 1659 2142 Quod
1672 2115 1723 2134 me
1743 2114 1838 2134 nemo
1857 2111 1970 2136 movet
1988 2109 2060 2136 nisi
2077 2108 2137 2146 qui
2150 2108 2250 2145 prius
2263 2109 2337 2145 ipse
2360 2116 2539 2142 neoc-etur:

1467 2149 1515 2179 ita
1545 2150 1744 2190 legendum:
1769 2149 1803 2179 in
1831 2150 1978 2182 editione
2005 2162 2069 2191 qua
2094 2156 2172 2183 ntor
2196 2153 2354 2183 mendose
2381 2159 2431 2186 est
2454 2159 2544 2197 quod

1463 2197 1578 2235 prius.
1605 2206 1749 2226 munera
1774 2197 1922 2228 dea-trae
1946 2199 2156 2237 Daedaleam,
2199 2199 2383 2231 Columella
2406 2202 2458 2242 X,
2482 2204 2539 2237 29,

1470 2244 1503 2271 et
1536 2242 1659 2272 similia
1693 2241 1827 2280 ubique.
1885 2246 1978 2274 Mox.
2022 2254 2051 2274 v.
2097 2246 2171 2276 143.
2231 2245 2362 2276 Torcus
2388 2248 2430 2277 ad
2453 2249 2539 2280 hunc

1465 2287 1639 2319 Athamas
1672 2287 1992 2327 insanos-flecteret
2018 2300 2137 2321 arcus.
2164 2290 2256 2330 lege,
2302 2292 2347 2322 ab
2365 2292 2452 2334 hoe,
2495 2304 2540 2325 ex

1467 2343 1565 2364 sensu
1580 2357 1590 2374 ,
1614 2338 1647 2365 et
1669 2338 1707 2364 ut
1725 2335 1848 2364 vitetur
1880 2336 2080 2374 ambiguum.
2127 2335 2229 2366 Editt.
2257 2338 2364 2368 Parm.
2392 2343 2426 2369 et
2448 2341 2541 2371 Rom.

1466 2381 1587 2410 adhue.
1633 2381 1736 2410 Paulo
1770 2383 1847 2409 ante
1861 2401 1872 2416 ,
1915 2392 1977 2422 qno
2001 2384 2104 2418 (Ιίτα,
2147 2383 2251 2423 feros
2273 2387 2395 2422 gravis
2422 2389 2540 2418 e-rert's

1466 2436 1604 2465 angues.
1638 2426 1683 2457 ita
1721 2427 1827 2456 Pan-m.
1862 2428 1895 2456 et
1915 2429 2009 2458 Rom.
2033 2428 2097 2459 Sed
2127 2437 2241 2458 verum
2267 2438 2407 2469 ungues.
2437 2432 2539 2463 Theb.

1464 2474 1562 2513 vm,
1588 2474 1663 2504 380.
1689 2472 1731 2501 de
1751 2474 1880 2503 Morte:

1738 2520 1953 2556 praecipuos
1977 2521 2083 2549 annis
2112 2520 2305 2558 animisque
2331 2527 2472 2553 cruento

1536 2577 1540 2579 *
1558 2564 1677 2601 Ungue
1698 2569 1820 2594 norat:

1464 2607 1511 2639 ita
1532 2609 1721 2648 legendum.
1744 2609 1843 2647 vulgo
1865 2606 1961 2644 etlibi
1986 2618 2117 2648 quoque
2137 2619 2260 2650 angue.
2289 2611 2440 2641 Tibullus
2461 2614 2487 2649 1,
2506 2614 2540 2646 3.

1555 2656 1742 2686 Abstineas
1765 2656 1887 2686 avidas
1934 2654 2052 2691 Mors,
2072 2664 2223 2694 precor,
2248 2661 2355 2697 atra,
2380 2667 2506 2691 mainus.

1458 2703 1596 2734 v§emeca
1622 2701 1759 2739 Hippol.
1783 2711 1816 2731 v.
1841 2702 1921 2731 4⁶5.

1559 2749 1640 2777 Cum
1665 2753 1735 2778 tam
1763 2755 1902 2785 rapaces
1926 2750 2085 2776 cerneret
2105 2745 2192 2777 Fati
2211 2754 2350 2776 manus:

1466 2791 1513 2823 ita
1536 2793 1733 2832 legendum,
1760 2803 1828 2824 non
1853 2794 1979 2822 minas.

1512 2847 1543 2868 v.
1571 2841 1646 2872 1-18.
1696 2840 1760 2870 Ille
1787 2844 1923 2877 tamen,
1947 2837 2072 2866 Parcis
2095 2836 2233 2874 fragiles
2257 2838 2454 2876 urgentibus
2478 2848 2540 2869 an-

1467 2887 1547 2924 nos]
1597 2885 1686 2916 Anni
1717 2885 1875 2928 fragiles
1919 2883 1975 2921 qui
2024 2881 2091 2911 sint
2137 2882 2225 2912 dicet
2260 2882 2397 2912 ovidius
2438 2884 2537 2916 Trist.

1525 2954 1535 2972 ²
1561 2975 1643 3006 Jam
1670 2976 1815 3006 subeunt
1836 2973 1914 3004 anni
1940 2971 2076 3010 fragiles
2100 2974 2134 3001 et
2159 2971 2300 3002 inertior
2319 2975 2424 3009 aetas,

1608 3021 1756 3061 Jamque
1773 3029 1901 3058 parum
1914 3016 2021 3055 firmo
2043 3027 2093 3047 me
2113 3017 2198 3048 mr‘lzi
2210 3019 2314 3060 serre
2332 3028 2442 3058 grave
2460 3025 2537 3051 est.-

1471 3066 1511 3096 de
1535 3075 1572 3096 se
1599 3070 1804 3097 senescen‘e.
1851 3064 1909 3095 Sil.
1935 3062 2071 3092 Italicus
2095 3063 2194 3102 XIV,
2230 3066 2283 3095 85.
2312 3064 2353 3094 de
2374 3065 2539 3098 Hierone:

1566 3111 1709 3147 Verum,
1732 3111 1793 3141 ubi
1807 3111 1897 3152 fata
1927 3110 2039 3138 virum
2064 3109 2174 3147 fragili
2201 3109 2335 3141 solvere
2353 3114 2502 3152 senecta,

1562 3157 1745 3188 Primaem
1775 3158 1885 3186 cessit
1912 3159 2088 3192 sceptrum
2117 3155 2262 3186 en'liale
2284 3158 2412 3195 nepoti.

1474 3203 1524 3233 na
1555 3203 1642 3234 muri
1659 3202 1815 3246 fragiles
1839 3210 1922 3231 aevo
1947 3199 2048 3231 Theb.
2072 3201 2123 3235 Il,
2147 3202 2201 3230 70.

1747 3247 1886 3287 fragiles
1910 3254 1995 3275 aevo
2019 3247 2244 3285 m‘reumspo‘ce
2267 3253 2392 3276 muros.

1850 3292 2000 3339 1³:22
