2892 3840
390 414 494 463 252

1213 411 1400 465 NOTAE
1435 425 1504 461 AD
1538 412 1644 461 Lm.
1673 411 1730 460 Π.
1766 413 1813 459 7.

2501 436 2535 482 q
2551 434 2630 472 122

1249 536 1611 586 ECLOG.
1678 535 1778 583 VII.

440 678 718 710 GamrnuAcox
751 675 917 712 Lucam]
952 672 1066 704 Editio
1091 673 1282 706 Parmensis
1306 675 1409 717 addit,
1431 683 1481 707 An

393 724 554 756 ΡοιιΑΜτ
577 733 647 755 non
673 721 781 760 male,
806 723 947 759 propter
971 729 1011 751 ea
1037 721 1180 751 Praefat.
1227 721 1399 753 Excludit
1420 732 1480 752 vo-

394 770 505 801 lumen
533 769 781 800 Genethlz'acon
803 765 968 805 Lucani,
1013 767 1104 805 quod
1128 767 1232 798 Polla
1253 767 1480 809 Argentaria,

395 817 595 847 clarissima
626 818 795 850 uxorumt,
839 821 914 842 cum
939 810 1033 843 bunc
1059 813 1146 844 diem
1163 814 1266 856 sorte
1293 816 1481 845 eonsecra-

392 871 528 901 remus,
556 858 714 897 imputari
738 856 802 887 sibi
825 857 942 888 voluit.

437 927 469 949 v.
496 919 548 947 10.
689 914 822 944 θνῐηεηι
848 916 992 950 comite,
1021 916 1269 956 candidamque
1293 920 1421 947 vestem

487 959 692 991 Perfundant
717 960 841 990 ederae
864 961 1094 1000 recentiores]
1121 961 1302 1000 Cujusnam
1330 970 1410 992 usus
1435 961 1479 993 sit

392 1009 496 1038 edera
537 1006 571 1036 in
605 1004 755 1036 vestibus
788 1012 1085 1047 Pssnrusnaums,
1120 1007 1176 1038 vel
1207 1007 1284 1045 quid
1318 1007 1361 1038 sit
1392 1014 1481 1038 ran-

391 1059 558 1082 FUNDERE
593 1053 721 1082 vestem
745 1052 851 1082 edera
875 1051 1011 1083 omnino
1036 1054 1151 1083 tacent
1174 1055 1402 1092 Interpretes3
1445 1054 1479 1084 et

390 1098 571 1136 perdoctus
598 1097 641 1127 sit
673 1099 808 1136 oportet
832 1098 889 1136 qui
917 1098 999 1129 haec
1027 1099 1199 1138 explicare
1225 1100 1340 1138 possit.
1363 1107 1480 1131 conu-

390 1150 482 1175 GERE
509 1143 642 1182 quidem
668 1145 767 1174 sinus
797 1145 902 1174 edera
926 1144 1066 1176 invenio
1091 1145 1268 1176 Achilleid.
1299 1148 1325 1187 1,
1352 1147 1431 1177 609.

484 1189 533 1220 Ut
553 1199 634 1220 vero
664 1200 687 1220 a
714 1192 820 1221 tereti
842 1191 982 1221 demisit
1008 1192 1163 1222 Nebrida
1187 1192 1273 1222 collo

479 1235 724 1275 Errantesque
748 1238 850 1267 sinus
875 1236 979 1267 edera
1001 1245 1194 1279 coLLEG1T,
1218 1239 1283 1268 etc.

388 1295 434 1325 Et
459 1299 591 1324 LlGARE
629 1294 728 1323 sinus
750 1293 855 1323 edera
878 1293 951 1324 Val.
973 1294 1086 1324 Flacc.
1115 1295 1161 1333 11,
1188 1294 1268 1325 268.
1294 1293 1336 1323 de
1358 1291 1479 1332 Hypsi-

390 1341 466 1381 pyle
491 1340 621 1378 patrem
644 1339 798 1370 Thoanta
822 1340 965 1370 ornante
990 1339 1026 1370 in
1050 1339 1197 1378 speciem
1222 1338 1361 1370 Bacchi:

482 1386 572 1424 Ipsa
600 1383 693 1416 sinus
720 1384 896 1424 ederisque
922 1393 1030 1418 mem·
1046 1386 1289 1429 famularibus
1315 1389 1431 1416 artus.

389 1443 447 1473 Ex
478 1441 597 1480 quibus
632 1441 717 1472 locis
756 1442 899 1481 primum
938 1442 1136 1481 suspicabar
1170 1442 1211 1472 de
1246 1446 1367 1474 cinctu
1394 1443 1479 1482 (non

386 1488 612 1529 perfusione)
648 1488 754 1518 vestis
792 1488 875 1518 haec
912 1489 1010 1519 Statii
1042 1487 1264 1527 intelligenda
1293 1497 1378 1518 esse.
1407 1496 1478 1517 om-

391 1543 469 1565 nem
487 1541 567 1564 mox
590 1534 785 1571 scrupulum
804 1534 950 1564 removit
971 1534 1130 1566 Sidonius
1147 1534 1368 1575 Apollinaris,
1397 1542 1475 1573 per-

392 1581 513 1618 petuus
539 1578 637 1610 Statii
660 1578 830 1616 imitator,
857 1579 967 1618 Epist.
994 1582 1084 1621 VIII,
1114 1582 1166 1611 ll.

529 1636 701 1674 Sparsam
726 1638 859 1677 stringe
886 1645 1012 1667 comam
1034 1639 1167 1667 virente
1191 1635 1289 1667 vitta:

525 1681 577 1711 Et
600 1690 701 1721 rugas
723 1683 787 1713 tibi
804 1682 958 1722 syrmatis
978 1684 1156 1724 profundi

527 1729 753 1760 SuccmeANr
777 1736 921 1759 EDERAE
948 1729 1189 1767 expeditiores.

392 1774 476 1805 haec
503 1773 546 1803 ad
573 1776 711 1805 verbum
735 1774 834 1806 Statii
859 1774 953 1813 quasi
978 1775 1034 1806 filo
1059 1775 1200 1811 ducunt,

532 1820 667 1851 crinem
695 1822 831 1860 comite,
862 1821 1114 1860 candidamque
1140 1825 1269 1851 vestem

528 1866 784 1897 PRAEcmeANT
813 1865 935 1896 ederae
958 1869 1193 1897 recentiores.-

392 1920 460 1941 non
486 1917 733 1943 PERFUNDANT.
775 1914 1005 1952 praecingere
1030 1922 1090 1950 pro
1119 1913 1253 1942 vincire
1277 1919 1335 1940 seu
1366 1910 1477 1950 ligare

394 1955 522 1988 centies
553 1958 700 1989 occurrit
725 1958 814 1996 apud
837 1957 992 1988 Ovidium
1018 1962 1052 1988 et
1079 1958 1174 1989 alios.
1204 1955 1475 1995 Praepositiones

389 2012 481 2043 per,
513 2012 626 2041 prae,
661 2006 694 2034 et
715 2013 806 2044 pro,
832 2004 949 2034 eodem
969 2004 1068 2035 modo
1093 2005 1130 2035 in
1153 2004 1249 2036 MSS.
1276 2003 1475 2043 signantur;

393 2049 483 2079 unde
512 2050 705 2090 saepissime
730 2050 989 2081 confunduntur.

438 2104 470 2125 v.
498 2095 549 2126 14.
640 2096 692 2127 Et
720 2098 755 2127 si
781 2106 849 2135 qua
869 2102 988 2137 patet,
1009 2097 1066 2127 aut
1091 2098 1177 2127 diem
1199 2097 1336 2134 recepit

487 2140 602 2172 Sertis
641 2142 797 2173 mollibus
827 2144 1014 2182 expleatur
1035 2144 1172 2181 umbra]
1197 2142 1334 2172 Nullum
1359 2138 1475 2182 §opus

395 2185 597 2224 disjunctiva
630 2187 795 2227 particula
825 2196 918 2229 AU'r,
966 2198 1039 2220 cum
1075 2198 1130 2219 res
1163 2188 1280 2218 eadem
1306 2185 1477 2224 exprima-

393 2234 472 2269 tux-3
502 2233 624 2272 quippe
655 2239 779 2274 patere
805 2236 838 2264 et
863 2236 947 2265 diem
971 2236 1125 2274 recipere
1146 2234 1236 2264 idem
1256 2235 1357 2270 sunt;
1401 2241 1477 2262 cum

394 2279 513 2309 umbra
553 2288 639 2318 quae
665 2285 795 2320 pateat
827 2281 1020 2312 necessario
1056 2281 1159 2312 etiam
1195 2282 1282 2311 diem
1309 2280 1474 2317 recipiat.

394 2324 516 2355 melius
549 2325 662 2364 itaque
695 2326 723 2356 si
759 2326 898 2357 dixisset
931 2332 1033 2366 patet
1054 2335 1100 2358 ΕΤ
1123 2328 1209 2356 diem
1232 2328 1385 2365 recepit:
1409 2334 1474 2362 quo

395 2373 515 2412 pacto,
558 2367 598 2404 τὸ
632 2367 718 2405 αὐτὸ
753 2372 804 2403 bis
836 2375 964 2404 tantum
998 2373 1189 2410 diceretur3
1233 2372 1318 2411 quod
1353 2372 1474 2410 poetae

395 2415 458 2447 sibi
488 2417 657 2448 interdum
698 2418 881 2457 indulgent.
917 2418 983 2451 isto
1023 2429 1105 2451 vero
1136 2418 1235 2449 modo
1264 2422 1370 2458 patet
1401 2425 1475 2448 AUT

395 2463 481 2493 diem
521 2466 670 2504 recepit,
723 2464 959 2502 disjunctivum
1002 2473 1077 2496 AUT
1117 2465 1240 2496 vitiose
1272 2464 1473 2502 usurpatur:

394 2518 567 2547 nunquam
599 2509 688 2540 enim
720 2510 955 2551 disjunguntur
978 2511 1042 2542 nisi
1067 2512 1171 2542 verba
1193 2511 1252 2542 aut
1276 2519 1332 2541 res
1359 2508 1475 2540 diver-

395 2564 452 2586 sae
477 2555 749 2595 significationis:
775 2557 915 2589 ridicule
939 2557 1028 2588 enim
1053 2558 1204 2597 diceres,
1232 2557 1307 2587 Non
1328 2564 1474 2595 possum
1522 2556 1535 2571 “

395 2606 461 2632 aut
484 2603 599 2634 bibere
630 2610 703 2633 AUT
736 2604 898 2644 liquorem
918 2604 1073 2635 haurire.
1120 2602 1288 2634 Domitius
1311 2602 1393 2633 satis
1417 2603 1475 2633 ab-

396 2647 496 2678 surde
521 2647 635 2689 edidit,

531 2693 582 2724 Et
605 2697 639 2725 si
663 2702 732 2733 qua
754 2700 923 2725 PATERAM
950 2696 1039 2725 diem
1059 2695 1217 2733 recepit.-

396 2738 482 2777 quod
515 2739 629 2770 tamen
663 2738 768 2777 magis
802 2740 943 2771 absurde
968 2740 1233 2779 interpretatur,
1257 2779 1259 2781 Ι
1284 2737 1326 2768 δι’
1349 2737 1475 2776 aliquis

397 2793 436 2816 se
469 2786 614 2817 contum
644 2786 679 2815 z'n
712 2786 867 2816 umbram
900 2787 936 2816 in
972 2788 1060 2817 diem
1099 2791 1139 2816 ut
1170 2791 1343 2815 PATERAM
1376 2784 1479 2814 daret

396 2831 582 2871 voluptati.
638 2831 691 2860 Ex
730 2832 826 2862 MSS.
869 2841 950 2862 vero
995 2832 1080 2862 hanc
1113 2830 1296 2862 lectionem
1325 2828 1476 2859 hausisse

396 2877 580 2908 Domitium
601 2875 679 2907 hine
707 2877 850 2917 colligo,
898 2877 985 2916 quod
1010 2876 1111 2908 editio
1136 2874 1346 2915 Parmensis,
1391 2883 1476 2914 quae

399 2923 529 2954 duobus
566 2923 662 2955 annis
686 2922 867 2954 editionem
893 2922 1030 2954 Domitii
1057 2923 1264 2963 praecessit,
1289 2922 1390 2952 habet:
1411 2927 1477 2951 PA-

398 2977 470 3000 ·ΓΕΤ
490 2977 582 3002 AUT:
607 2979 703 3008 quam
726 2970 906 3000 lectionem
930 2968 957 3000 si
981 2969 1122 3001 vidisset
1145 2968 1332 3008 Domitius,
1367 2967 1477 3008 avide,

386 3019 450 3046 sat
481 3016 574 3057 scio,
615 3015 820 3054 arripuisset.
854 3015 887 3045 et
910 3015 986 3045 hinc
1017 3015 1189 3054 probabile
1212 3017 1246 3046 fit
1269 3014 1364 3044 illum
1387 3023 1478 3045 nun-

401 3069 497 3097 quam
527 3062 719 3100 inspexisse
755 3062 853 3093 istam
888 3061 1080 3093 editionem.
1137 3062 1225 3098 Quid
1258 3060 1381 3102 igitur,
1426 3059 1478 3091 in-

402 3106 496 3143 quis,
519 3109 622 3139 facies
647 3108 699 3138 isti
727 3109 801 3139 voci
826 3109 1021 3139 PATERAM?
1046 3116 1125 3139 ecce
1153 3108 1224 3150 tibi,

535 3153 585 3183 Et
609 3156 642 3183 si
668 3164 737 3193 qua
768 3162 937 3185 PATULAM
964 3155 1050 3184 diem
1073 3157 1206 3193 recepit

538 3198 649 3228 Sertis
675 3200 829 3230 mollibus
855 3201 1041 3239 expleatur
1067 3200 1199 3231 umbra.

400 3243 474 3273 Jam
500 3251 654 3274 numeros
686 3244 855 3277 Statianos
881 3246 1045 3284 agnoscis.
1090 3247 1156 3278 Pro
1173 3246 1337 3287 patulam
1362 3255 1479 3280 errore

1546 673 1679 706 librarii
1713 671 1876 712 scriptum
1909 671 1983 703 erat
2015 674 2196 711 patelam:
2244 677 2355 720 unde,
2395 683 2524 715 mutata
2557 692 2627 716 ung

1531 720 1667 756 litera,
1701 719 1856 753 fecerunt
1885 723 2062 757 pateram.
2109 722 2202 752 Bene
2226 731 2310 754 vero
2334 725 2423 763 diens
2444 730 2630 768 patulam.-

1547 766 1598 800 ita
1624 774 1688 796 aer
1710 766 1858 804 patulus
1883 765 2015 795 Avieno
2043 765 2222 799 Phaenom.
2245 771 2340 801 Atat.
2368 779 2398 803 ν.
2425 775 2524 807 1113.

1547 857 1593 888 Et
1637 811 1800 889 Aelr5iglet
1824 811 1931 850 patuli
1952 810 2030 850 jam
2059 816 2204 846 conscia
2221 821 2378 855 permeet
2402 819 2571 853 aethram.

1616 866 1649 888 v.
1768 878 1776 887 .

1641 901 1868 933 Marcescens
1894 904 1992 933 tenui
2015 906 2145 936 sensim
2170 906 2322 947 caligine
2354 913 2391 939 et
2411 908 2529 941 aethra

1639 949 1809 989 Digestus
1835 949 1972 987 patula,
2004 950 2101 982 docet
2124 953 2224 983 undis
2248 954 2375 996 adfore
2395 964 2530 994 pacem.

1549 995 1711 1034 apricam
1729 996 1818 1026 diem
1845 995 1946 1025 vocat
1971 994 2044 1025 Val.
2067 997 2210 1029 Flaccus
2234 1000 2263 1035 1,
2291 1000 2368 1030 844.

1823 1041 1883 1071 ubi
1907 1040 1990 1076 Sol,
2015 1045 2187 1084 totumque
2206 1053 2274 1083 per
2298 1055 2428 1077 annum

1641 1085 1765 1116 Durat
1795 1085 1911 1125 aprica
1933 1085 2015 1117 dies.

1549 1131 1596 1161 Et
1626 1131 1791 1170 Apuleius
1824 1131 1933 1163 Miles.
1967 1132 2027 1163 XI.
2075 1134 2166 1165 Nam
2186 1139 2221 1165 et
2241 1137 2410 1174 pruinam
2427 1138 2636 1177 pridianam

1548 1176 1619 1207 dies
1652 1176 1787 1216 apricus
1821 1188 1866 1209 ac
1904 1178 2073 1217 placidus
2110 1185 2252 1219 repente
2277 1183 2408 1224 fuerat
2443 1177 2632 1217 insecutus.
2660 1210 2662 1212 ,

1547 1221 1680 1262 Aprica
1705 1231 1811 1263 saxa,
1841 1222 2004 1263 Virgilius
2032 1226 2156 1265 Georg.
2182 1228 2236 1267 11,
2262 1228 2340 1259 522.

1685 1268 1785 1300 Mitis
1811 1271 1847 1300 in
1872 1269 1995 1308 apricis
2021 1274 2182 1311 coquitur
2202 1274 2375 1304 vindemia
2394 1274 2504 1306 saxis:

1549 1312 1628 1346 alibi
1655 1315 1774 1345 eodem
1801 1315 1888 1346 libro
1915 1325 1947 1346 v.
1976 1318 2053 1348 112.
2075 1323 2238 1356 apertos,
2264 1320 2382 1350 eodem
2405 1329 2529 1351 sensu:

2100 1364 2246 1404 denique
2270 1367 2405 1404 apertos

1637 1405 1804 1437 Bacchus
1829 1411 1925 1437 amat
1953 1407 2075 1437 colles:

1547 1449 1582 1480 id
1608 1454 1659 1482 est
1677 1452 1831 1491 patulos.
1879 1452 2141 1492 Appositissime
2174 1453 2314 1486 Ovidius
2347 1456 2421 1487 Art.
2453 1454 2563 1486 Amat.
2587 1456 2632 1494 ΙΙ,

1636 1541 1686 1575 Et
1713 1544 1747 1573 si
1769 1553 1836 1573 non
1861 1544 2041 1581 tenebras,
2067 1549 2109 1575 at
2131 1546 2291 1585 quiddam
2318 1546 2422 1577 nubis
2445 1554 2591 1591 opacae.

1674 1589 1902 1630 Quaerimus,
1928 1594 2032 1630 atque
2055 1591 2190 1630 aliquid
2209 1593 2285 1622 luce
2306 1598 2476 1624 PATENTE
2498 1594 2632 1622 minus:

1546 1632 1582 1663 id
1616 1634 1666 1663 est
1699 1636 1754 1665 die
1789 1641 1940 1666 PATULA.
1987 1636 2076 1666 Dies
2104 1636 2193 1667 enim
2218 1637 2284 1669 hoc
2307 1637 2408 1670 Statii
2437 1637 2517 1669 loco
2542 1636 2632 1668 idem

1547 1680 1598 1709 est
1617 1680 1703 1718 quod
1729 1681 1862 1711 caelum
1875 1703 1885 1721 ,
1909 1682 1985 1711 lux·-
2031 1683 2156 1713 Noster
2176 1683 2277 1715 Theb.
2301 1686 2329 1725 1,
2361 1684 2441 1715 199.

1636 1727 1811 1757 Interiore
1830 1727 1934 1765 polo:
1961 1730 2088 1766 spatiis
2112 1728 2193 1759 huic
2218 1732 2338 1761 omnia
2360 1730 2484 1769 juxta,
2517 1750 2519 1753 .

1637 1772 1847 1813 Primaeque
1870 1773 2095 1814 occiduaeque
2119 1775 2256 1817 domus,
2282 1781 2319 1807 et
2337 1777 2433 1818 fusa
2459 1775 2521 1807 sub
2541 1773 2636 1805 omm‘

1643 1818 1754 1849 Terra
1783 1824 1887 1858 atque
1913 1819 2008 1849 unda
2035 1826 2108 1850 mr:-

1546 1863 1595 1894 ita
1622 1863 1784 1902 legendus
1814 1864 1877 1894 iste
1904 1865 2023 1894 locus:
2057 1865 2179 1905 vulgo,
2203 1865 2304 1903 Mne,
2329 1868 2364 1897 et
2387 1866 2514 1907 effiasa.
2560 1867 2630 1897 Ve-

1545 1912 1601 1941 tus
1629 1909 1815 1949 interpres:
1855 1911 1917 1941 sub
1940 1911 2034 1940 omni
2053 1911 2122 1949 dte]
2149 1911 2186 1941 id
2210 1916 2286 1948 est,
2321 1912 2384 1942 sub
2408 1914 2500 1943 omni
2521 1912 2629 1943 caelo.

1545 1956 1702 1986 Lucanus
1729 1957 1790 1996 111,
1817 1956 1896 1987 443.
1922 1955 1963 1986 de
1988 1956 2094 1986 caesis
2117 1956 2294 1987 arboribus
2318 1957 2480 1996 loquens:

1640 2002 1735 2032 Tunc
1753 2003 1903 2042 primum
1924 2011 2074 2041 posuere
2100 2011 2238 2041 comas,
2262 2008 2296 2035 et
2309 2005 2444 2047 fronde
2468 2008 2630 2036 carentes

1634 2048 1808 2080 Admisere
1837 2055 1948 2086 msM3

1544 2094 1579 2126 id
1606 2098 1676 2136 est,
1698 2095 1806 2126 lucem
1825 2102 1999 2133 recepere.

1592 2150 1622 2172 v.
1648 2142 1703 2172 24.
1750 2140 1854 2172 Felix
1874 2138 1957 2170 heu!
2000 2141 2120 2181 nimis]
2147 2143 2319 2185 Praestat,
2365 2143 2470 2175 Felix
2493 2146 2542 2187 0,
2575 2147 2631 2177 m·-

1544 2189 1619 2219 mz's.
1665 2190 1797 2220 Seneca
1820 2187 1922 2218 Herc.
1949 2187 2023 2217 Oet.
2050 2197 2082 2219 v.
2114 2190 2213 2220 1778.

2031 2235 2059 2265 O
2084 2233 2182 2266 nimis
2205 2234 2308 2276 felix,
2331 2234 2443 2277 nimis,

1639 2279 1798 2310 Thebane
1822 2274 1976 2316 conjux!

1545 2323 1676 2364 Quippe
1704 2325 1770 2356 heu
1794 2325 1853 2356 vix
1876 2325 1986 2355 locum
2011 2324 2112 2356 habet
2133 2325 2201 2356 nisi
2227 2326 2264 2356 in
2284 2335 2324 2357 re
2350 2325 2518 2367 lugubr2‘5
2537 2326 2576 2357 ut
2592 2324 2629 2356 i·

1544 2370 1609 2401 ista
1633 2371 1741 2402 Didus
1771 2371 1860 2410 apud
1887 2369 2004 2409 virgil.
2027 2373 2110 2402 Aen.
2142 2373 2200 2413 IV,
2226 2374 2315 2404 657:

1633 2418 1754 2458 Felix,
1783 2418 1849 2448 heu
1876 2416 2016 2447 nimium
2042 2417 2144 2457 felix,
2173 2419 2208 2448 si
2229 2418 2337 2448 litora
2358 2419 2496 2447 tantum

1634 2464 1820 2504 Nunquam
1845 2464 2060 2494 Dardaniae
2084 2465 2284 2504 tetigissent
2303 2467 2430 2494 nostra
2453 2457 2631 2493 carinae!

1543 2512 1669 2542 Noster
1691 2510 1836 2542 Lacrim.
1861 2509 1996 2540 Etrusc.
2020 2517 2052 2538 v.
2075 2510 2132 2539 25.

1637 2556 1758 2597 Felix,
1784 2555 1849 2586 heu
1873 2554 2010 2586 nimium
2030 2553 2132 2595 felix,
2153 2553 2364 2593 plorataque
2389 2557 2475 2584 nato

1641 2602 1772 2634 Umbra
1792 2603 1900 2632 venit.

1543 2650 1608 2681 Hic
1651 2657 1734 2679 vero
1771 2647 1957 2678 exultandi
1989 2646 2100 2687 potius
2133 2655 2232 2686 quam
2268 2647 2407 2679 dolenda·
2441 2646 2547 2680 datur
2569 2658 2631 2680 oe-

1546 2695 1648 2728 casio.
1695 2696 1807 2733 Supra
1830 2692 1912 2724 Silv.
1939 2695 1976 2734 1,
2002 2695 2035 2724 2.

1821 2741 1912 2771 satis
1937 2741 1965 2770 Ο
1991 2738 2195 2779 nimiumque
2213 2740 2353 2778 priores

1637 2784 1861 2823 Respexisse
1879 2794 2017 2824 procos.

1545 2831 1598 2862 De
1636 2830 1686 2861 his
1720 2830 1859 2861 vocibus
1895 2830 1965 2861 dixi
2001 2831 2045 2862 ad
2078 2829 2240 2869 Eclogam
2263 2828 2406 2869 primam
2428 2830 2527 2871 hujus
2551 2831 2631 2865 libri

1545 2886 1578 2909 v.
1602 2877 1660 2911 41.
1683 2876 1842 2908 Thebaid.
1865 2878 1922 2917 IV,
1947 2879 2026 2909 761.

1824 2927 1960 2954 tantum
1985 2924 2128 2955 reduces
2153 2924 2212 2954 det
2223 2922 2371 2963 flectere
2392 2933 2540 2966 gressus

1640 2968 1802 3007 Jupiter,
1825 2970 1853 2999 Ο
1880 2974 2016 3010 quanta
2035 2970 2118 3001 bellu·
2137 2970 2306 3001 donabere
2322 2965 2481 3010 praeda!
2497 2992 2501 2996 «
2528 2991 2530 2995 .

1546 3013 1605 3045 ubi
1635 3014 1722 3045 male
1755 3014 1866 3045 codex
1896 3015 2068 3046 Petrensis
2090 3016 2208 3052 habet,
2249 3016 2317 3048 heu
2339 3017 2472 3055 quanta.
2517 3013 2628 3046 Luca-

1546 3068 1610 3091 nus
1636 3061 1748 3091 tamen
1776 3060 1811 3091 in
1829 3070 1868 3092 re
1892 3061 1992 3092 simili
2019 3063 2119 3103 VIII,
2145 3062 2223 3094 139.

1637 3107 1714 3137 Heu
1741 3106 1881 3138 nimium
1903 3107 1987 3138 felix
2011 3113 2154 3139 aeterno
2177 3107 2309 3138 nomine
2333 3102 2472 3135 Lesbos.

1548 3151 1718 3183 Charisius
1743 3153 1800 3184 lib.
1827 3155 1870 3184 11.
1898 3162 1930 3192 p.
1955 3153 2036 3184 213.
2062 3154 2159 3185 notat
2181 3151 2210 3182 0
2234 3149 2333 3182 etiam
2360 3146 2503 3180 dolentis
2527 3157 2625 3180 esse:

1551 3196 1579 3227 0
1605 3199 1753 3230 dolentis
1781 3204 1854 3235 est,
1894 3204 1935 3230 ut
1957 3198 2080 3240 Maro,
2126 3200 2154 3229 0
2175 3203 2294 3236 terque
2315 3200 2503 3236 quaterque
2523 3195 2628 3226 beatu:

1547 3242 1725 3286 Afranius
1763 3245 1799 3277 in
1830 3243 2092 3285 Emancipato:
2135 3245 2163 3276 0
2194 3242 2280 3283 quid
2311 3241 2468 3274 clamas?
2510 3242 2544 3271 et
2580 3241 2629 3271 ito
