<?xml version="1.0" encoding="UTF-8"?>
<!DOCTYPE html PUBLIC "-//W3C//DTD XHTML 1.0 Transitional//EN"
    "http://www.w3.org/TR/xhtml1/DTD/xhtml1-transitional.dtd">
<html xmlns="http://www.w3.org/1999/xhtml" xml:lang="en" lang="en">
 <head>
  <title>
</title>
<meta http-equiv="Content-Type" content="text/html;charset=utf-8" />
  <meta name='ocr-system' content='tesseract 3.04.00' />
  <meta name='ocr-capabilities' content='ocr_page ocr_carea ocr_par ocr_line ocrx_word'/>
</head>
<body>
  <div class='ocr_page' id='page_1' title='image "./ppapiniistatiili00statuoft_0111.png"; bbox 0 0 2892 3840; ppageno 0'>
   <div class='ocr_carea' id='block_1_1' title="bbox 0 0 360 344">
    <p class='ocr_par' dir='ltr' id='par_1_1' title="bbox 0 0 360 344">
     <span class='ocr_line' id='line_1_1' title="bbox 0 0 360 344; baseline 0 3496"><span class='ocrx_word' id='word_1_1' title='bbox 0 0 360 344; x_wconf 95' lang='lat' dir='ltr'><strong> </strong></span> 
     </span>
    </p>
   </div>
   <div class='ocr_carea' id='block_1_2' title="bbox 952 401 1794 451">
    <p class='ocr_par' dir='ltr' id='par_1_2' title="bbox 952 401 1794 451">
     <span class='ocr_line' id='line_1_2' title="bbox 952 401 1794 451; baseline 0 -1"><span class='ocrx_word' id='word_1_2' title='bbox 952 411 1411 450; x_wconf 60' lang='lat' dir='ltr'><strong>slnvassnm</strong></span> <span class='ocrx_word' id='word_1_3' title='bbox 1476 401 1639 450; x_wconf 75' lang='lat' dir='ltr'><strong>Lrn.</strong></span> <span class='ocrx_word' id='word_1_4' title='bbox 1717 403 1794 451; x_wconf 86' lang='lat'>111.</span> 
     </span>
    </p>
   </div>
   <div class='ocr_carea' id='block_1_3' title="bbox 276 523 1789 3083">
    <p class='ocr_par' dir='ltr' id='par_1_3' title="bbox 276 523 1608 678">
     <span class='ocr_line' id='line_1_3' title="bbox 279 523 1608 591; baseline -0.002 -16"><span class='ocrx_word' id='word_1_5' title='bbox 279 527 496 591; x_wconf 81' lang='lat' dir='ltr'>Expulit</span> <span class='ocrx_word' id='word_1_6' title='bbox 523 528 582 574; x_wconf 85' lang='lat' dir='ltr'><strong>in</strong></span> <span class='ocrx_word' id='word_1_7' title='bbox 606 526 808 584; x_wconf 77' lang='lat' dir='ltr'><strong>fluctuS‚</strong></span> <span class='ocrx_word' id='word_1_8' title='bbox 833 526 1107 590; x_wconf 83' lang='lat' dir='ltr'>pelagoque</span> <span class='ocrx_word' id='word_1_9' title='bbox 1138 524 1352 571; x_wconf 79' lang='lat' dir='ltr'><strong>immisit</strong></span> <span class='ocrx_word' id='word_1_10' title='bbox 1376 523 1608 573; x_wconf 58' lang='lat' dir='ltr'><strong>hiantesss</strong></span> 
     </span>
     <span class='ocr_line' id='line_1_4' title="bbox 276 614 1484 678; baseline -0.004 -12"><span class='ocrx_word' id='word_1_11' title='bbox 276 616 473 667; x_wconf 78' lang='lat' dir='ltr'><strong>Audax</strong></span> <span class='ocrx_word' id='word_1_12' title='bbox 496 616 708 678; x_wconf 82' lang='lat' dir='ltr'><strong>ingenii3</strong></span> <span class='ocrx_word' id='word_1_13' title='bbox 734 629 828 664; x_wconf 86' lang='lat' dir='ltr'><strong>nec</strong></span> <span class='ocrx_word' id='word_1_14' title='bbox 861 615 995 662; x_wconf 89' lang='lat' dir='ltr'><strong>enim</strong></span> <span class='ocrx_word' id='word_1_15' title='bbox 1024 614 1293 660; x_wconf 89' lang='lat' dir='ltr'><strong>temeraria</strong></span> <span class='ocrx_word' id='word_1_16' title='bbox 1319 614 1484 662; x_wconf 82' lang='lat' dir='ltr'><strong>virtus</strong></span> 
     </span>
    </p>

    <p class='ocr_par' dir='ltr' id='par_1_4' title="bbox 276 699 1772 1213">
     <span class='ocr_line' id='line_1_5' title="bbox 276 699 1658 766; baseline -0.004 -12"><span class='ocrx_word' id='word_1_17' title='bbox 276 705 371 755; x_wconf 85' lang='lat' dir='ltr'><strong>Illa</strong></span> <span class='ocrx_word' id='word_1_18' title='bbox 400 706 587 766; x_wconf 88' lang='lat' dir='ltr'><strong>magis,</strong></span> <span class='ocrx_word' id='word_1_19' title='bbox 621 718 848 751; x_wconf 89' lang='lat' dir='ltr'><strong>summae</strong></span> <span class='ocrx_word' id='word_1_20' title='bbox 877 701 1098 764; x_wconf 90' lang='lat' dir='ltr'><strong>gelidum</strong></span> <span class='ocrx_word' id='word_1_21' title='bbox 1129 716 1256 765; x_wconf 89' lang='lat' dir='ltr'><strong>quae</strong></span> <span class='ocrx_word' id='word_1_22' title='bbox 1291 702 1467 749; x_wconf 91' lang='lat' dir='ltr'><strong>Pelion</strong></span> <span class='ocrx_word' id='word_1_23' title='bbox 1501 699 1658 748; x_wconf 83' lang='lat' dir='ltr'>Ossae</span> 
     </span>
     <span class='ocr_line' id='line_1_6' title="bbox 276 791 1722 857; baseline -0.004 -14"><span class='ocrx_word' id='word_1_24' title='bbox 276 793 487 852; x_wconf 72' lang='lat' dir='ltr'><strong>junxit,</strong></span> <span class='ocrx_word' id='word_1_25' title='bbox 514 793 928 857; x_wconf 82' lang='lat' dir='ltr'><strong>anhelantemque</strong></span> <span class='ocrx_word' id='word_1_26' title='bbox 952 793 1085 854; x_wconf 87' lang='lat' dir='ltr'><strong>jugis</strong></span> <span class='ocrx_word' id='word_1_27' title='bbox 1112 791 1190 839; x_wconf 90' lang='lat' dir='ltr'><strong>bis</strong></span> <span class='ocrx_word' id='word_1_28' title='bbox 1219 793 1405 856; x_wconf 85' lang='lat' dir='ltr'><strong>pressit</strong></span> <span class='ocrx_word' id='word_1_29' title='bbox 1438 791 1722 855; x_wconf 83' lang='lat' dir='ltr'><strong>Olympum.</strong></span> 
     </span>
     <span class='ocr_line' id='line_1_7' title="bbox 279 881 1564 948; baseline -0.005 -15"><span class='ocrx_word' id='word_1_30' title='bbox 279 883 449 948; x_wconf 78' lang='lat' dir='ltr'><strong>Usque</strong></span> <span class='ocrx_word' id='word_1_31' title='bbox 477 884 669 932; x_wconf 89' lang='lat' dir='ltr'><strong>adeone</strong></span> <span class='ocrx_word' id='word_1_32' title='bbox 700 896 879 946; x_wconf 88' lang='lat' dir='ltr'><strong>parum</strong></span> <span class='ocrx_word' id='word_1_33' title='bbox 900 882 1061 928; x_wconf 87' lang='lat' dir='ltr'><strong>lentas</strong></span> <span class='ocrx_word' id='word_1_34' title='bbox 1091 882 1304 929; x_wconf 89' lang='lat' dir='ltr'><strong>transire</strong></span> <span class='ocrx_word' id='word_1_35' title='bbox 1337 881 1564 943; x_wconf 88' lang='lat' dir='ltr'><strong>paludes,</strong></span> 
     </span>
     <span class='ocr_line' id='line_1_8' title="bbox 277 969 1772 1038; baseline -0.005 -15"><span class='ocrx_word' id='word_1_36' title='bbox 277 974 567 1038; x_wconf 72' lang='lat' dir='ltr'><strong>&#39;stagnaque</strong></span> <span class='ocrx_word' id='word_1_37' title='bbox 601 980 653 1019; x_wconf 93' lang='lat' dir='ltr'><strong>et</strong></span> <span class='ocrx_word' id='word_1_38' title='bbox 684 979 919 1032; x_wconf 90' lang='lat' dir='ltr'><strong>angustos</strong></span> <span class='ocrx_word' id='word_1_39' title='bbox 954 971 1267 1017; x_wconf 86' lang='lat' dir='ltr'><strong>summittere</strong></span> <span class='ocrx_word' id='word_1_40' title='bbox 1299 969 1536 1032; x_wconf 91' lang='lat' dir='ltr'><strong>pontibus</strong></span> <span class='ocrx_word' id='word_1_41' title='bbox 1568 970 1772 1017; x_wconf 66' lang='lat' dir='ltr'><strong>amnes?</strong></span> 
     </span>
     <span class='ocr_line' id='line_1_9' title="bbox 280 1056 1614 1122; baseline -0.005 -11"><span class='ocrx_word' id='word_1_42' title='bbox 280 1063 416 1111; x_wconf 92' lang='lat' dir='ltr'><strong>Imus</strong></span> <span class='ocrx_word' id='word_1_43' title='bbox 447 1063 505 1110; x_wconf 91' lang='lat' dir='ltr'><strong>in</strong></span> <span class='ocrx_word' id='word_1_44' title='bbox 536 1060 827 1122; x_wconf 88' lang='lat' dir='ltr'><strong>abruptum,</strong></span> <span class='ocrx_word' id='word_1_45' title='bbox 861 1058 1169 1118; x_wconf 83' lang='lat' dir='ltr'><strong>gentilesque</strong></span> <span class='ocrx_word' id='word_1_46' title='bbox 1198 1056 1419 1118; x_wconf 88' lang='lat' dir='ltr'><strong>undique</strong></span> <span class='ocrx_word' id='word_1_47' title='bbox 1455 1064 1614 1104; x_wconf 87' lang='lat' dir='ltr'><strong>terras</strong></span> 
     </span>
     <span class='ocr_line' id='line_1_10' title="bbox 282 1144 1573 1213; baseline -0.007 -14"><span class='ocrx_word' id='word_1_48' title='bbox 282 1151 547 1213; x_wconf 87' lang='lat' dir='ltr'><strong>Fugimus‚</strong></span> <span class='ocrx_word' id='word_1_49' title='bbox 583 1149 770 1209; x_wconf 82' lang='lat' dir='ltr'><strong>exigua</strong></span> <span class='ocrx_word' id='word_1_50' title='bbox 804 1146 958 1193; x_wconf 89' lang='lat' dir='ltr'><strong>clausi</strong></span> <span class='ocrx_word' id='word_1_51' title='bbox 991 1144 1157 1201; x_wconf 92' lang='lat' dir='ltr'><strong>trabe,</strong></span> <span class='ocrx_word' id='word_1_52' title='bbox 1195 1150 1247 1189; x_wconf 91' lang='lat' dir='ltr'><strong>et</strong></span> <span class='ocrx_word' id='word_1_53' title='bbox 1276 1145 1392 1190; x_wconf 71' lang='lat' dir='ltr'><strong>aiire</strong></span> <span class='ocrx_word' id='word_1_54' title='bbox 1422 1144 1573 1191; x_wconf 91' lang='lat' dir='ltr'><strong>nudo.</strong></span> 
     </span>
    </p>

    <p class='ocr_par' dir='ltr' id='par_1_5' title="bbox 281 1233 1507 1297">
     <span class='ocr_line' id='line_1_11' title="bbox 281 1233 1507 1297; baseline -0.007 -10"><span class='ocrx_word' id='word_1_55' title='bbox 281 1239 403 1287; x_wconf 90' lang='lat' dir='ltr'><strong>Inde</strong></span> <span class='ocrx_word' id='word_1_56' title='bbox 437 1239 575 1286; x_wconf 89' lang='lat' dir='ltr'><strong>furor</strong></span> <span class='ocrx_word' id='word_1_57' title='bbox 600 1238 794 1294; x_wconf 84' lang='lat' dir='ltr'><strong>ventis,</strong></span> <span class='ocrx_word' id='word_1_58' title='bbox 820 1234 1207 1296; x_wconf 81' lang='lat' dir='ltr'><strong>indignataeque</strong></span> <span class='ocrx_word' id='word_1_59' title='bbox 1227 1233 1507 1297; x_wconf 76' lang='lat' dir='ltr'><strong>procellae,</strong></span> 
     </span>
    </p>

    <p class='ocr_par' dir='ltr' id='par_1_6' title="bbox 278 1315 1570 1387">
     <span class='ocr_line' id='line_1_12' title="bbox 278 1315 1570 1387; baseline -0.007 -10"><span class='ocrx_word' id='word_1_60' title='bbox 278 1330 351 1377; x_wconf 89' lang='lat' dir='ltr'><strong>Et</strong></span> <span class='ocrx_word' id='word_1_61' title='bbox 379 1329 502 1377; x_wconf 89' lang='lat' dir='ltr'><strong>caeli</strong></span> <span class='ocrx_word' id='word_1_62' title='bbox 535 1329 791 1385; x_wconf 81' lang='lat' dir='ltr'><strong>fremitus,</strong></span> <span class='ocrx_word' id='word_1_63' title='bbox 824 1333 878 1372; x_wconf 88' lang='lat' dir='ltr'><strong>et</strong></span> <span class='ocrx_word' id='word_1_64' title='bbox 910 1315 1121 1372; x_wconf 83' lang='lat' dir='ltr'><strong>fulmina</strong></span> <span class='ocrx_word' id='word_1_65' title='bbox 1152 1322 1297 1387; x_wconf 91' lang='lat' dir='ltr'><strong>plura</strong></span> <span class='ocrx_word' id='word_1_66' title='bbox 1338 1322 1570 1370; x_wconf 84' lang='lat' dir='ltr'><strong>Tonanti.</strong></span> 
     </span>
    </p>

    <p class='ocr_par' dir='ltr' id='par_1_7' title="bbox 280 1414 1556 1481">
     <span class='ocr_line' id='line_1_13' title="bbox 280 1414 1556 1481; baseline -0.006 -15"><span class='ocrx_word' id='word_1_67' title='bbox 280 1419 417 1467; x_wconf 91' lang='lat' dir='ltr'><strong>Ante</strong></span> <span class='ocrx_word' id='word_1_68' title='bbox 448 1425 608 1475; x_wconf 86' lang='lat' dir='ltr'><strong>rates,</strong></span> <span class='ocrx_word' id='word_1_69' title='bbox 641 1418 782 1481; x_wconf 89' lang='lat' dir='ltr'><strong>pigro</strong></span> <span class='ocrx_word' id='word_1_70' title='bbox 811 1414 1077 1477; x_wconf 85' lang='lat' dir='ltr'><strong>torpebant</strong></span> <span class='ocrx_word' id='word_1_71' title='bbox 1103 1427 1322 1476; x_wconf 90' lang='lat' dir='ltr'><strong>aequora</strong></span> <span class='ocrx_word' id='word_1_72' title='bbox 1354 1427 1556 1470; x_wconf 84' lang='lat' dir='ltr'><strong>somno3</strong></span> 
     </span>
    </p>

    <p class='ocr_par' dir='ltr' id='par_1_8' title="bbox 283 1501 1675 1654">
     <span class='ocr_line' id='line_1_14' title="bbox 283 1501 1675 1572; baseline -0.006 -16"><span class='ocrx_word' id='word_1_73' title='bbox 283 1508 388 1557; x_wconf 93' lang='lat' dir='ltr'><strong>Nec</strong></span> <span class='ocrx_word' id='word_1_74' title='bbox 417 1523 648 1572; x_wconf 85' lang='lat' dir='ltr'><strong>spumare</strong></span> <span class='ocrx_word' id='word_1_75' title='bbox 674 1506 872 1561; x_wconf 84' lang='lat' dir='ltr'><strong>Thetis,</strong></span> <span class='ocrx_word' id='word_1_76' title='bbox 906 1518 998 1550; x_wconf 91' lang='lat' dir='ltr'><strong>nec</strong></span> <span class='ocrx_word' id='word_1_77' title='bbox 1028 1517 1261 1565; x_wconf 88' lang='lat' dir='ltr'><strong>spargere</strong></span> <span class='ocrx_word' id='word_1_78' title='bbox 1294 1501 1468 1548; x_wconf 89' lang='lat' dir='ltr'><strong>nubila</strong></span> <span class='ocrx_word' id='word_1_79' title='bbox 1498 1501 1675 1548; x_wconf 89' lang='lat' dir='ltr'><strong>fluctus</strong></span> 
     </span>
     <span class='ocr_line' id='line_1_15' title="bbox 283 1589 1563 1654; baseline -0.006 -10"><span class='ocrx_word' id='word_1_80' title='bbox 283 1596 576 1645; x_wconf 85' lang='lat' dir='ltr'><strong>Audebant:</strong></span> <span class='ocrx_word' id='word_1_81' title='bbox 608 1596 733 1642; x_wconf 81' lang='lat' dir='ltr'><strong>visis</strong></span> <span class='ocrx_word' id='word_1_82' title='bbox 768 1598 1059 1640; x_wconf 91' lang='lat' dir='ltr'><strong>tumuerunt</strong></span> <span class='ocrx_word' id='word_1_83' title='bbox 1092 1590 1344 1654; x_wconf 88' lang='lat' dir='ltr'><strong>puppibus</strong></span> <span class='ocrx_word' id='word_1_84' title='bbox 1379 1589 1563 1647; x_wconf 88' lang='lat' dir='ltr'><strong>undae,</strong></span> 
     </span>
    </p>

    <p class='ocr_par' dir='ltr' id='par_1_9' title="bbox 282 1680 1789 1838">
     <span class='ocr_line' id='line_1_16' title="bbox 282 1680 1789 1750; baseline -0.005 -16"><span class='ocrx_word' id='word_1_85' title='bbox 282 1687 435 1750; x_wconf 83' lang='lat' dir='ltr'><strong>Inque</strong></span> <span class='ocrx_word' id='word_1_86' title='bbox 460 1686 716 1733; x_wconf 89' lang='lat' dir='ltr'><strong>hominem</strong></span> <span class='ocrx_word' id='word_1_87' title='bbox 749 1684 972 1732; x_wconf 79' lang='lat' dir='ltr'><strong>surrexit</strong></span> <span class='ocrx_word' id='word_1_88' title='bbox 1000 1683 1176 1729; x_wconf 86' lang='lat' dir='ltr'><strong>hiems.</strong></span> <span class='ocrx_word' id='word_1_89' title='bbox 1247 1688 1365 1728; x_wconf 91' lang='lat' dir='ltr'><strong>tunc</strong></span> <span class='ocrx_word' id='word_1_90' title='bbox 1393 1680 1565 1728; x_wconf 90' lang='lat' dir='ltr'><strong>nubila</strong></span> <span class='ocrx_word' id='word_1_91' title='bbox 1597 1680 1789 1739; x_wconf 88' lang='lat' dir='ltr'><strong>Pleias‚·</strong></span> 
     </span>
     <span class='ocr_line' id='line_1_17' title="bbox 284 1770 1529 1838; baseline -0.006 -15"><span class='ocrx_word' id='word_1_92' title='bbox 284 1774 613 1838; x_wconf 86' lang='lat' dir='ltr'><strong>Oleniumque</strong></span> <span class='ocrx_word' id='word_1_93' title='bbox 647 1788 821 1836; x_wconf 83' lang='lat' dir='ltr'><strong>pecus3</strong></span> <span class='ocrx_word' id='word_1_94' title='bbox 858 1773 1005 1820; x_wconf 87' lang='lat' dir='ltr'><strong>solito</strong></span> <span class='ocrx_word' id='word_1_95' title='bbox 1043 1778 1160 1817; x_wconf 86' lang='lat' dir='ltr'><strong>tunc</strong></span> <span class='ocrx_word' id='word_1_96' title='bbox 1183 1772 1325 1834; x_wconf 91' lang='lat' dir='ltr'><strong>pejor</strong></span> <span class='ocrx_word' id='word_1_97' title='bbox 1359 1770 1529 1817; x_wconf 87' lang='lat' dir='ltr'><strong>Orion.</strong></span> 
     </span>
    </p>

    <p class='ocr_par' dir='ltr' id='par_1_10' title="bbox 277 1858 1763 2111">
     <span class='ocr_line' id='line_1_18' title="bbox 277 1858 1763 1929; baseline -0.006 -15"><span class='ocrx_word' id='word_1_98' title='bbox 277 1865 429 1915; x_wconf 82' lang='lat' dir='ltr'><strong>Justa</strong></span> <span class='ocrx_word' id='word_1_99' title='bbox 460 1880 663 1929; x_wconf 79' lang='lat' dir='ltr'><strong>queror:</strong></span> <span class='ocrx_word' id='word_1_100' title='bbox 694 1865 823 1925; x_wconf 87' lang='lat' dir='ltr'><strong>fugit</strong></span> <span class='ocrx_word' id='word_1_101' title='bbox 858 1878 968 1909; x_wconf 88' lang='lat' dir='ltr'><strong>ecce</strong></span> <span class='ocrx_word' id='word_1_102' title='bbox 1000 1876 1155 1922; x_wconf 87' lang='lat' dir='ltr'><strong>vagas</strong></span> <span class='ocrx_word' id='word_1_103' title='bbox 1183 1862 1308 1908; x_wconf 90' lang='lat' dir='ltr'><strong>ratis</strong></span> <span class='ocrx_word' id='word_1_104' title='bbox 1340 1868 1452 1908; x_wconf 89' lang='lat' dir='ltr'><strong>acta</strong></span> <span class='ocrx_word' id='word_1_105' title='bbox 1478 1875 1570 1923; x_wconf 89' lang='lat' dir='ltr'><strong>per</strong></span> <span class='ocrx_word' id='word_1_106' title='bbox 1602 1858 1763 1906; x_wconf 87' lang='lat' dir='ltr'><strong>undas</strong></span> 
     </span>
     <span class='ocr_line' id='line_1_19' title="bbox 283 1949 1503 2011; baseline -0.006 -10"><span class='ocrx_word' id='word_1_107' title='bbox 283 1955 531 2002; x_wconf 84' lang='lat' dir='ltr'><strong>Paulatim</strong></span> <span class='ocrx_word' id='word_1_108' title='bbox 563 1956 727 2000; x_wconf 89' lang='lat' dir='ltr'><strong>minor</strong></span> <span class='ocrx_word' id='word_1_109' title='bbox 740 1987 754 2010; x_wconf 90' lang='lat'>,</span> <span class='ocrx_word' id='word_1_110' title='bbox 799 1959 851 1998; x_wconf 88' lang='lat' dir='ltr'><strong>et</strong></span> <span class='ocrx_word' id='word_1_111' title='bbox 880 1952 1025 2011; x_wconf 89' lang='lat' dir='ltr'><strong>longe</strong></span> <span class='ocrx_word' id='word_1_112' title='bbox 1061 1951 1317 1998; x_wconf 85' lang='lat' dir='ltr'><strong>servantia</strong></span> <span class='ocrx_word' id='word_1_113' title='bbox 1344 1949 1503 1997; x_wconf 83' lang='lat' dir='ltr'><strong>vincit</strong></span> 
     </span>
     <span class='ocr_line' id='line_1_20' title="bbox 285 2039 1546 2111; baseline -0.006 -20"><span class='ocrx_word' id='word_1_114' title='bbox 285 2043 526 2101; x_wconf 80' lang='lat' dir='ltr'><strong>Lumina,</strong></span> <span class='ocrx_word' id='word_1_115' title='bbox 555 2050 632 2090; x_wconf 90' lang='lat' dir='ltr'><strong>tot</strong></span> <span class='ocrx_word' id='word_1_116' title='bbox 662 2042 830 2105; x_wconf 84' lang='lat' dir='ltr'><strong>gracili</strong></span> <span class='ocrx_word' id='word_1_117' title='bbox 859 2041 992 2111; x_wconf 86' lang='lat' dir='ltr'><strong>ligno</strong></span> <span class='ocrx_word' id='word_1_118' title='bbox 1021 2039 1286 2102; x_wconf 79' lang='lat' dir='ltr'><strong>complexa</strong></span> <span class='ocrx_word' id='word_1_119' title='bbox 1322 2039 1546 2093; x_wconf 88' lang='lat' dir='ltr'><strong>timores,</strong></span> 
     </span>
    </p>

    <p class='ocr_par' dir='ltr' id='par_1_11' title="bbox 284 2126 1741 2461">
     <span class='ocr_line' id='line_1_21' title="bbox 287 2126 1639 2195; baseline -0.004 -17"><span class='ocrx_word' id='word_1_120' title='bbox 287 2131 457 2195; x_wconf 89' lang='lat' dir='ltr'><strong>Teque</strong></span> <span class='ocrx_word' id='word_1_121' title='bbox 488 2146 638 2195; x_wconf 86' lang='lat' dir='ltr'><strong>super</strong></span> <span class='ocrx_word' id='word_1_122' title='bbox 662 2131 906 2194; x_wconf 89' lang='lat' dir='ltr'><strong>reliquos,</strong></span> <span class='ocrx_word' id='word_1_123' title='bbox 940 2137 1020 2187; x_wconf 86' lang='lat' dir='ltr'><strong>te,</strong></span> <span class='ocrx_word' id='word_1_124' title='bbox 1050 2129 1212 2175; x_wconf 91' lang='lat' dir='ltr'><strong>nostri</strong></span> <span class='ocrx_word' id='word_1_125' title='bbox 1242 2129 1422 2191; x_wconf 90' lang='lat' dir='ltr'><strong>pignus</strong></span> <span class='ocrx_word' id='word_1_126' title='bbox 1452 2126 1639 2173; x_wconf 88' lang='lat' dir='ltr'><strong>amoris</strong></span> 
     </span>
     <span class='ocr_line' id='line_1_22' title="bbox 286 2219 1741 2283; baseline -0.005 -15"><span class='ocrx_word' id='word_1_127' title='bbox 286 2221 576 2278; x_wconf 87' lang='lat' dir='ltr'><strong>Portatura,</strong></span> <span class='ocrx_word' id='word_1_128' title='bbox 612 2219 768 2268; x_wconf 90' lang='lat' dir='ltr'><strong>Celer.</strong></span> <span class='ocrx_word' id='word_1_129' title='bbox 837 2235 961 2283; x_wconf 90' lang='lat' dir='ltr'><strong>quos</strong></span> <span class='ocrx_word' id='word_1_130' title='bbox 995 2233 1127 2265; x_wconf 89' lang='lat' dir='ltr'><strong>nunc</strong></span> <span class='ocrx_word' id='word_1_131' title='bbox 1158 2233 1249 2279; x_wconf 89' lang='lat' dir='ltr'><strong>ego</strong></span> <span class='ocrx_word' id='word_1_132' title='bbox 1286 2224 1486 2281; x_wconf 87' lang='lat' dir='ltr'><strong>pectore</strong></span> <span class='ocrx_word' id='word_1_133' title='bbox 1521 2226 1741 2271; x_wconf 89' lang='lat' dir='ltr'><strong>somnos,</strong></span> 
     </span>
     <span class='ocr_line' id='line_1_23' title="bbox 288 2307 1693 2373; baseline -0.002 -17"><span class='ocrx_word' id='word_1_134' title='bbox 288 2308 488 2368; x_wconf 82' lang='lat' dir='ltr'><strong>Quosve</strong></span> <span class='ocrx_word' id='word_1_135' title='bbox 515 2324 695 2373; x_wconf 92' lang='lat' dir='ltr'><strong>queam</strong></span> <span class='ocrx_word' id='word_1_136' title='bbox 722 2309 944 2372; x_wconf 86' lang='lat' dir='ltr'><strong>perferre</strong></span> <span class='ocrx_word' id='word_1_137' title='bbox 971 2307 1110 2354; x_wconf 63' lang='lat' dir='ltr'><strong>dies?</strong></span> <span class='ocrx_word' id='word_1_138' title='bbox 1138 2308 1247 2370; x_wconf 90' lang='lat' dir='ltr'><strong>quis</strong></span> <span class='ocrx_word' id='word_1_139' title='bbox 1276 2314 1452 2354; x_wconf 88' lang='lat' dir='ltr'><strong>cuncta</strong></span> <span class='ocrx_word' id='word_1_140' title='bbox 1483 2307 1693 2370; x_wconf 88' lang='lat' dir='ltr'><strong>paventi</strong></span> 
     </span>
     <span class='ocr_line' id='line_1_24' title="bbox 284 2394 1461 2461; baseline -0.005 -15"><span class='ocrx_word' id='word_1_141' title='bbox 284 2398 526 2456; x_wconf 88' lang='lat' dir='ltr'><strong>Nuntius,</strong></span> <span class='ocrx_word' id='word_1_142' title='bbox 560 2413 626 2445; x_wconf 90' lang='lat' dir='ltr'><strong>an</strong></span> <span class='ocrx_word' id='word_1_143' title='bbox 660 2399 794 2445; x_wconf 87' lang='lat' dir='ltr'><strong>facili</strong></span> <span class='ocrx_word' id='word_1_144' title='bbox 827 2406 877 2444; x_wconf 92' lang='lat' dir='ltr'><strong>te</strong></span> <span class='ocrx_word' id='word_1_145' title='bbox 905 2396 1298 2461; x_wconf 90' lang='lat' dir='ltr'><strong>praetermiserit</strong></span> <span class='ocrx_word' id='word_1_146' title='bbox 1322 2394 1461 2441; x_wconf 90' lang='lat' dir='ltr'><strong>unda</strong></span> 
     </span>
    </p>

    <p class='ocr_par' dir='ltr' id='par_1_12' title="bbox 283 2482 1668 2817">
     <span class='ocr_line' id='line_1_25' title="bbox 283 2482 1668 2544; baseline -0.003 -9"><span class='ocrx_word' id='word_1_147' title='bbox 283 2487 475 2535; x_wconf 85' lang='lat' dir='ltr'><strong>Lucani</strong></span> <span class='ocrx_word' id='word_1_148' title='bbox 505 2487 682 2534; x_wconf 88' lang='lat' dir='ltr'><strong>rabida</strong></span> <span class='ocrx_word' id='word_1_149' title='bbox 718 2501 807 2533; x_wconf 90' lang='lat' dir='ltr'><strong>ora</strong></span> <span class='ocrx_word' id='word_1_150' title='bbox 836 2487 1013 2533; x_wconf 89' lang='lat' dir='ltr'><strong>maris:</strong></span> <span class='ocrx_word' id='word_1_151' title='bbox 1048 2500 1171 2532; x_wconf 91' lang='lat' dir='ltr'><strong>num</strong></span> <span class='ocrx_word' id='word_1_152' title='bbox 1206 2492 1353 2533; x_wconf 89' lang='lat' dir='ltr'><strong>torva</strong></span> <span class='ocrx_word' id='word_1_153' title='bbox 1384 2482 1668 2544; x_wconf 80' lang='lat' dir='ltr'><strong>Charybdis</strong></span> 
     </span>
     <span class='ocr_line' id='line_1_26' title="bbox 287 2572 1640 2640; baseline -0.004 -16"><span class='ocrx_word' id='word_1_154' title='bbox 287 2577 543 2634; x_wconf 90' lang='lat' dir='ltr'><strong>Fluctuet,</strong></span> <span class='ocrx_word' id='word_1_155' title='bbox 581 2584 669 2625; x_wconf 90' lang='lat' dir='ltr'><strong>aut</strong></span> <span class='ocrx_word' id='word_1_156' title='bbox 696 2577 848 2625; x_wconf 89' lang='lat' dir='ltr'><strong>Siculi</strong></span> <span class='ocrx_word' id='word_1_157' title='bbox 881 2576 1174 2640; x_wconf 81' lang='lat' dir='ltr'><strong>populatrix</strong></span> <span class='ocrx_word' id='word_1_158' title='bbox 1203 2575 1344 2636; x_wconf 85' lang='lat' dir='ltr'><strong>virgo</strong></span> <span class='ocrx_word' id='word_1_159' title='bbox 1379 2572 1640 2638; x_wconf 88' lang='lat' dir='ltr'><strong>profundi:</strong></span> 
     </span>
     <span class='ocr_line' id='line_1_27' title="bbox 290 2663 1649 2729; baseline -0.002 -17"><span class='ocrx_word' id='word_1_160' title='bbox 290 2663 425 2723; x_wconf 87' lang='lat' dir='ltr'><strong>Quos</strong></span> <span class='ocrx_word' id='word_1_161' title='bbox 462 2665 553 2712; x_wconf 89' lang='lat' dir='ltr'><strong>tibi</strong></span> <span class='ocrx_word' id='word_1_162' title='bbox 586 2667 802 2712; x_wconf 89' lang='lat' dir='ltr'><strong>currenti</strong></span> <span class='ocrx_word' id='word_1_163' title='bbox 834 2680 1071 2729; x_wconf 88' lang='lat' dir='ltr'><strong>praeceps</strong></span> <span class='ocrx_word' id='word_1_164' title='bbox 1102 2665 1232 2712; x_wconf 89' lang='lat' dir='ltr'><strong>ferat</strong></span> <span class='ocrx_word' id='word_1_165' title='bbox 1264 2663 1425 2711; x_wconf 91' lang='lat' dir='ltr'><strong>Adria</strong></span> <span class='ocrx_word' id='word_1_166' title='bbox 1456 2676 1649 2710; x_wconf 88' lang='lat' dir='ltr'><strong>mores:</strong></span> 
     </span>
     <span class='ocr_line' id='line_1_28' title="bbox 290 2751 1573 2817; baseline -0.001 -17"><span class='ocrx_word' id='word_1_167' title='bbox 290 2751 428 2812; x_wconf 82' lang='lat' dir='ltr'><strong>Quae</strong></span> <span class='ocrx_word' id='word_1_168' title='bbox 463 2767 569 2817; x_wconf 81' lang='lat' dir='ltr'><strong>pax</strong></span> <span class='ocrx_word' id='word_1_169' title='bbox 599 2752 892 2817; x_wconf 86' lang='lat' dir='ltr'><strong>Carpathio:</strong></span> <span class='ocrx_word' id='word_1_170' title='bbox 923 2755 1058 2817; x_wconf 89' lang='lat' dir='ltr'><strong>quali</strong></span> <span class='ocrx_word' id='word_1_171' title='bbox 1086 2761 1137 2801; x_wconf 92' lang='lat' dir='ltr'><strong>te</strong></span> <span class='ocrx_word' id='word_1_172' title='bbox 1167 2753 1418 2802; x_wconf 86' lang='lat' dir='ltr'><strong>subvehat</strong></span> <span class='ocrx_word' id='word_1_173' title='bbox 1449 2766 1573 2800; x_wconf 87' lang='lat' dir='ltr'><strong>aura</strong></span> 
     </span>
    </p>

    <p class='ocr_par' dir='ltr' id='par_1_13' title="bbox 288 2840 1411 2905">
     <span class='ocr_line' id='line_1_29' title="bbox 288 2840 1411 2905; baseline -0.001 -15"><span class='ocrx_word' id='word_1_174' title='bbox 288 2842 439 2890; x_wconf 90' lang='lat' dir='ltr'><strong>Doris</strong></span> <span class='ocrx_word' id='word_1_175' title='bbox 469 2840 718 2902; x_wconf 87' lang='lat' dir='ltr'><strong>Agenorei</strong></span> <span class='ocrx_word' id='word_1_176' title='bbox 751 2841 897 2889; x_wconf 89' lang='lat' dir='ltr'><strong>furtis</strong></span> <span class='ocrx_word' id='word_1_177' title='bbox 926 2842 1151 2891; x_wconf 88' lang='lat' dir='ltr'><strong>blandita</strong></span> <span class='ocrx_word' id='word_1_178' title='bbox 1177 2842 1411 2905; x_wconf 61' lang='lat' dir='ltr'><strong>juvenci?</strong></span> 
     </span>
    </p>

    <p class='ocr_par' dir='ltr' id='par_1_14' title="bbox 289 2930 1710 3083">
     <span class='ocr_line' id='line_1_30' title="bbox 289 2930 1710 2994; baseline -0.001 -16"><span class='ocrx_word' id='word_1_179' title='bbox 289 2930 392 2978; x_wconf 87' lang='lat' dir='ltr'><strong>Sed</strong></span> <span class='ocrx_word' id='word_1_180' title='bbox 424 2930 585 2977; x_wconf 89' lang='lat' dir='ltr'><strong>merui</strong></span> <span class='ocrx_word' id='word_1_181' title='bbox 615 2935 841 2993; x_wconf 85' lang='lat' dir='ltr'><strong>questus:</strong></span> <span class='ocrx_word' id='word_1_182' title='bbox 875 2930 1012 2992; x_wconf 89' lang='lat' dir='ltr'><strong>quid·</strong></span> <span class='ocrx_word' id='word_1_183' title='bbox 1025 2933 1183 2988; x_wconf 89' lang='lat' dir='ltr'><strong>enim,</strong></span> <span class='ocrx_word' id='word_1_184' title='bbox 1214 2939 1265 2978; x_wconf 89' lang='lat' dir='ltr'><strong>te</strong></span> <span class='ocrx_word' id='word_1_185' title='bbox 1295 2938 1458 2978; x_wconf 88' lang='lat' dir='ltr'><strong>castra</strong></span> <span class='ocrx_word' id='word_1_186' title='bbox 1489 2935 1710 2994; x_wconf 87' lang='lat' dir='ltr'><strong>petente,</strong></span> 
     </span>
     <span class='ocr_line' id='line_1_31' title="bbox 289 3017 1625 3083; baseline -0.001 -15"><span class='ocrx_word' id='word_1_187' title='bbox 289 3018 404 3068; x_wconf 90' lang='lat' dir='ltr'><strong>Non</strong></span> <span class='ocrx_word' id='word_1_188' title='bbox 436 3019 522 3069; x_wconf 88' lang='lat' dir='ltr'><strong>vel</strong></span> <span class='ocrx_word' id='word_1_189' title='bbox 556 3018 623 3066; x_wconf 90' lang='lat' dir='ltr'><strong>ad</strong></span> <span class='ocrx_word' id='word_1_190' title='bbox 650 3019 847 3080; x_wconf 86' lang='lat' dir='ltr'><strong>ignotos</strong></span> <span class='ocrx_word' id='word_1_191' title='bbox 880 3017 1016 3065; x_wconf 89' lang='lat' dir='ltr'><strong>ibam</strong></span> <span class='ocrx_word' id='word_1_192' title='bbox 1044 3033 1209 3067; x_wconf 89' lang='lat' dir='ltr'><strong>comes</strong></span> <span class='ocrx_word' id='word_1_193' title='bbox 1237 3021 1449 3083; x_wconf 87' lang='lat' dir='ltr'><strong>impiger</strong></span> <span class='ocrx_word' id='word_1_194' title='bbox 1475 3018 1625 3066; x_wconf 88' lang='lat' dir='ltr'><strong>Indos</strong></span> 
     </span>
    </p>
   </div>
   <div class='ocr_carea' id='block_1_4' title="bbox 305 3139 621 3150">
    <p class='ocr_par' dir='ltr' id='par_1_15' title="bbox 305 3139 621 3150">
     <span class='ocr_line' id='line_1_32' title="bbox 305 3139 621 3150; baseline 0 0"><span class='ocrx_word' id='word_1_195' title='bbox 305 3139 621 3150; x_wconf 95' lang='lat' dir='ltr'><strong> </strong></span> 
     </span>
    </p>
   </div>
   <div class='ocr_carea' id='block_1_5' title="bbox 382 3215 1500 3258">
    <p class='ocr_par' dir='ltr' id='par_1_16' title="bbox 382 3215 1500 3258">
     <span class='ocr_line' id='line_1_33' title="bbox 382 3215 1500 3258; baseline 0 -11"><span class='ocrx_word' id='word_1_196' title='bbox 382 3218 422 3247; x_wconf 83' lang='lat' dir='ltr'><strong>v.</strong></span> <span class='ocrx_word' id='word_1_197' title='bbox 447 3219 503 3249; x_wconf 81' lang='grc'><strong>66.</strong></span> <span class='ocrx_word' id='word_1_198' title='bbox 527 3219 567 3249; x_wconf 76' lang='lat' dir='ltr'><strong>L.</strong></span> <span class='ocrx_word' id='word_1_199' title='bbox 590 3225 790 3251; x_wconf 63' lang='lat' dir='ltr'><strong>mennssrr.</strong></span> <span class='ocrx_word' id='word_1_200' title='bbox 836 3221 890 3251; x_wconf 85' lang='lat'><strong>81.</strong></span> <span class='ocrx_word' id='word_1_201' title='bbox 914 3219 1010 3258; x_wconf 83' lang='lat' dir='ltr'><strong>vulg.</strong></span> <span class='ocrx_word' id='word_1_202' title='bbox 1036 3223 1207 3254; x_wconf 62' lang='lat' dir='ltr'><strong>eunoun.</strong></span> <span class='ocrx_word' id='word_1_203' title='bbox 1253 3215 1309 3248; x_wconf 83' lang='grc'><strong>84.</strong></span> <span class='ocrx_word' id='word_1_204' title='bbox 1333 3223 1500 3250; x_wconf 64' lang='lat' dir='ltr'><strong>mmm.</strong></span> 
     </span>
    </p>
   </div>
   <div class='ocr_carea' id='block_1_6' title="bbox 1613 3271 1721 3318">
    <p class='ocr_par' dir='ltr' id='par_1_17' title="bbox 1613 3271 1721 3318">
     <span class='ocr_line' id='line_1_34' title="bbox 1613 3271 1721 3318; baseline 0 0"><span class='ocrx_word' id='word_1_205' title='bbox 1613 3271 1721 3318; x_wconf 84' lang='lat' dir='ltr'><strong>K2</strong></span> 
     </span>
    </p>
   </div>
   <div class='ocr_carea' id='block_1_7' title="bbox 2447 405 2517 457">
    <p class='ocr_par' dir='ltr' id='par_1_18' title="bbox 2447 405 2517 457">
     <span class='ocr_line' id='line_1_35' title="bbox 2447 405 2517 457; baseline 0.014 -1"><span class='ocrx_word' id='word_1_206' title='bbox 2447 405 2517 457; x_wconf 76' lang='lat'><strong>75</strong></span> 
     </span>
    </p>
   </div>
   <div class='ocr_carea' id='block_1_8' title="bbox 2455 1151 2524 1197">
    <p class='ocr_par' dir='ltr' id='par_1_19' title="bbox 2455 1151 2524 1197">
     <span class='ocr_line' id='line_1_36' title="bbox 2455 1151 2524 1197; baseline 0.029 -2"><span class='ocrx_word' id='word_1_207' title='bbox 2455 1151 2524 1197; x_wconf 80' lang='lat'><strong>70</strong></span> 
     </span>
    </p>
   </div>
   <div class='ocr_carea' id='block_1_9' title="bbox 2459 1598 2523 1645">
    <p class='ocr_par' dir='ltr' id='par_1_20' title="bbox 2459 1598 2523 1645">
     <span class='ocr_line' id='line_1_37' title="bbox 2459 1598 2523 1645; baseline 0.063 -4"><span class='ocrx_word' id='word_1_208' title='bbox 2459 1598 2523 1645; x_wconf 83' lang='lat'><strong>75</strong></span> 
     </span>
    </p>
   </div>
   <div class='ocr_carea' id='block_1_10' title="bbox 2459 2040 2526 2087">
    <p class='ocr_par' dir='ltr' id='par_1_21' title="bbox 2459 2040 2526 2087">
     <span class='ocr_line' id='line_1_38' title="bbox 2459 2040 2526 2087; baseline 0.015 -1"><span class='ocrx_word' id='word_1_209' title='bbox 2459 2040 2526 2087; x_wconf 87' lang='grc'><strong>80</strong></span> 
     </span>
    </p>
   </div>
   <div class='ocr_carea' id='block_1_11' title="bbox 2458 2484 2521 2531">
    <p class='ocr_par' dir='ltr' id='par_1_22' title="bbox 2458 2484 2521 2531">
     <span class='ocr_line' id='line_1_39' title="bbox 2458 2484 2521 2531; baseline 0 0"><span class='ocrx_word' id='word_1_210' title='bbox 2458 2484 2521 2531; x_wconf 85' lang='grc'><strong>85</strong></span> 
     </span>
    </p>
   </div>
  </div>
 </body>
</html>
