2892 3840
380 434 481 485 206

387 559 515 594 dixisse
542 555 659 590 debuit
683 557 848 598 aerugine
879 562 975 595 quam
1009 560 1103 584 aere.
1151 551 1283 584 Plinius
1307 553 1414 594 XXV,
1444 555 1472 585 5.

389 609 431 640 dc
459 605 589 639 Achille
614 605 776 643 loquens:
814 601 887 632 Atii
902 602 1053 639 primum
1077 598 1274 638 aeruginem
1298 601 1475 631 invenisse

389 653 615 686 utilissimam
646 649 867 689 emplastris.-
908 647 1048 684 ideoque
1079 646 1240 686 pingitur
1259 654 1307 678 cx
1333 647 1475 685 cuspide

390 701 566 733 decutiens
595 705 671 728 eam
693 693 807 735 gladio
834 695 871 724 in
894 691 1021 722 vulnus
1052 689 1207 730 Telephi.

435 766 468 789 v.
499 756 574 788 115.
622 753 707 790 Quis
740 749 828 780 mihi
861 753 915 779 tot
946 748 1062 778 coetus
1085 749 1178 780 inter
1198 747 1388 789 populique
1406 757 1473 788 pa.

608 802 699 829 trum
723 805 765 825 ue

483 846 536 877 Sit
559 853 664 874 curae
683 807 818 881 vqotique
845 837 938 869 locus
949 836 983 877 ?]
1010 839 1119 870 Male:
1140 838 1273 870 dixisse
1294 838 1385 870 enim
1410 839 1470 869 de-

388 891 460 925 buit
492 894 609 923 tantos
644 888 758 918 coetus
794 884 852 915 vel
883 889 1020 915 tantum
1047 886 1178 916 coetum
1205 885 1389 924 populique
1413 893 1474 924 pa·

387 940 562 976 trumque,
614 942 683 963 non
704 937 756 964 tot
778 932 915 962 coetus:
959 930 1082 970 quippe
1107 932 1287 962 absurdum
1317 934 1368 962 est
1393 939 1473 970 sup-

387 991 515 1025 ponere
535 980 658 1011 multos
682 978 786 1009 tuisse
811 981 926 1008 coetus
952 978 1090 1018 populi,
1118 980 1152 1008 et
1175 979 1298 1009 multos
1326 978 1471 1019 patrum,

387 1026 596 1069 querentium
620 1025 661 1055 de
682 1022 797 1054 Rutilii
821 1023 1030 1054 valetudine.
1079 1025 1182 1064 Lege,

477 1073 562 1112 Quis
584 1071 672 1103 milti
695 1074 747 1102 tot
771 1071 909 1108 questus
937 1071 1056 1100 inter.-

385 1130 459 1171 quis
506 1130 600 1160 locus
639 1127 688 1158 sit
722 1126 948 1157 sollicitudini
981 1128 1015 1157 et
1043 1125 1140 1157 *votis
1175 1124 1260 1156 meis
1295 1124 1385 1155 inter
1421 1124 1472 1154 tot

384 1181 523 1219 questus
545 1174 659 1214 populi
678 1174 712 1204 et
724 1173 880 1212 patrum!
904 1172 977 1212 quis
989 1173 1081 1204 locus
1091 1171 1175 1202 meis
1188 1173 1367 1212 questibus
1381 1170 1471 1201 inter

383 1227 434 1254 tot
444 1227 583 1264 questus
595 1220 740 1251 aliorum
753 1218 769 1250 ?
796 1228 865 1250 non
881 1224 996 1250 coetus
1009 1229 1026 1259 ,0
1051 1219 1148 1258 cujus
1167 1217 1409 1249 absurditatem
1421 1216 1472 1247 vi-

384 1270 453 1301 des.
480 1272 622 1309 questus
650 1268 688 1297 ut
708 1265 810 1296 Theb.
835 1267 895 1303 Ill,
924 1266 1004 1296 704.

661 1321 754 1343 nunc
776 1320 846 1351 qua
865 1312 1020 1353 feritate
1047 1309 1192 1342 dolentis

478 1361 682 1400 Despiciam
707 1357 871 1397 questus?

397 1407 731 1490 V11,I}²t{0.preCibus
759 1449 944 1488 questuque
973 1447 1093 1485 Deos‚·
1119 1446 1160 1477 taz·
1187 1445 1323 1477 Martia
1347 1446 1418 1477 tela

473 1498 736 1538 Belligerosque
762 1495 951 1526 hortantur
980 1502 1098 1533 equos.

384 1545 436 1586 X,
460 1546 519 1575 66·
661 1587 819 1618 lacrimis
845 1585 1033 1623 questuque
1055 1584 1241 1624 rogabant.

384 1646 521 1680 Tacitus
551 1644 674 1675 Annal.
708 1645 733 1673 1.
767 1641 816 1672 At
839 1647 987 1680 patres,
1036 1641 1158 1681 quibus
1185 1649 1273 1671 unus
1300 1647 1407 1673 metus
1438 1645 1474 1673 si

384 1693 574 1733 intelligere
598 1691 815 1728 viderentur,
839 1689 874 1717 in
900 1689 1058 1726 questus,
1090 1687 1279 1723 lacrimas,
1319 1691 1399 1718 vota
1422 1690 1471 1730 ef-

378 1739 497 1783 fundi.
542 1736 585 1767 Hi
620 1740 763 1777 quest-us
802 1734 914 1772 populi
941 1735 974 1764 et
1001 1735 1132 1771 patrum
1157 1735 1236 1762 sunt
1261 1733 1471 1774 intelligendi

385 1782 597 1825 querentium
639 1782 718 1812 Diis
752 1780 808 1811 vel
842 1781 882 1809 de
916 1780 1020 1818 Diis,
1066 1780 1107 1808 ob
1146 1779 1322 1809 adversam
1349 1781 1471 1811 Gallici

384 1829 624 1863 valetudinem.
672 1829 724 1857 lta
748 1826 836 1864 apud
861 1826 935 1855 Val.
965 1825 1122 1855 Flaccum
1147 1825 1198 1863 11,
1232 1827 1306 1855 167.

521 1881 591 1906 tum
614 1883 697 1903 voce
722 1874 834 1908 Deos,
857 1876 927 1901 tum
951 1870 1124 1909 questibus
1147 1870 1300 1908 implent.

376 1934 455 1965 Bae
483 1941 564 1962 vero
590 1938 691 1961 voces
716 1933 834 1960 coetus
860 1929 893 1957 et
920 1933 1062 1968 questus
1082 1936 1183 1965 saepe
1205 1927 1464 1959 commutantur.

382 1980 430 2010 ita
462 1977 606 2016 Epithal.
638 1976 732 2008 Stell.
768 1983 799 2004 v.
834 1975 914 2006 235.
945 1983 1007 2013 pro
1033 1978 1132 2004 coetu
1156 1973 1211 2003 vel
1240 1978 1358 2005 coetus
1388 1977 1465 2005 ante

382 2024 593 2056 Bernartium
623 2023 696 2052 erat
723 2021 757 2051 in
781 2020 984 2051 editionibus
1009 2025 1164 2061 questus.
1193 2018 1241 2049 sic
1262 2020 1363 2050 etiam
1387 2021 1467 2052 Pro-

382 2074 481 2110 trept.
516 2071 559 2100 ad
577 2067 728 2106 crispin.
764 2076 797 2098 v.
831 2069 905 2097 160.
937 2076 998 2105 pro
1021 2072 1163 2107 questus
1190 2065 1328 2106 solitos,
1370 2071 1465 2098 recte

383 2116 575 2148 Gronovius
600 2120 730 2146 coetus.
779 2116 888 2144 Causa
914 2113 1054 2143 eruditis
1082 2116 1184 2148 nota3
1212 2121 1333 2150 nempe
1358 2113 1466 2151 quiac

381 2167 417 2194 et
439 2174 482 2204 qu
509 2162 657 2200 ejusdem
682 2158 857 2199 potestatis
881 2161 914 2187 et
938 2168 1042 2190 sonus
1061 2157 1238 2190 Veteribus
1262 2159 1410 2197 fuerunt,
1427 2163 1464 2191 ut

375 2210 416 2243 ,in
439 2209 581 2242 ‚vocibus
602 2207 691 2249 quod
707 2207 740 2237 et
763 2206 836 2242 cod,
850 2215 981 2246 quoquc
998 2209 1031 2236 et
1042 2215 1119 2236 coce
1131 2214 1142 2235 :
1164 2204 1205 2235 de
1219 2213 1285 2244 quo
1296 2207 1395 2236 notus
1408 2207 1465 2237 Ci-

1253 425 1440 476 No‘rAE
1469 440 1538 476 AD
1572 427 1676 475 Lm.
1707 429 1742 476 Ι.
1787 429 1831 477 5.

2531 453 2632 503 9⁶4

1545 553 1678 584 ceronis
1694 553 1792 592 jocus
1814 555 1903 594 apud
1915 554 2135 587 Macrobium.
2157 557 2208 589 Ita
2216 559 2436 602 counaupro
2448 563 2628 600 Quonam

1543 599 1772 639 Inscriptione
1799 603 1873 632 Vet.
1901 602 1991 640 apud
2018 601 2210 633 Relnesium
2233 613 2265 644 p.
2293 606 2371 638 543.

1590 648 1638 685 [v.
1668 649 1744 677 118.
1793 656 1855 686 pro
1881 650 1984 679 timor
2007 649 2091 681 V-en.
2119 653 2227 682 tenor.
2252 651 2308 680 Ex
2334 653 2442 693 Ana]

1586 701 1619 724 v.
1655 693 1732 723 119.
1954 703 2048 724 nunc
2068 694 2199 725 iumine
2221 701 2351 728 cuncta

1632 739 1825 777 Aucunoa]
1850 739 2061 770 Burmannus
2087 740 2130 770 ad
2155 741 2228 771 Val.
2253 741 2411 773 Flaccum
2421 743 2531 784 11‚44.
2544 743 2627 783 legit

1539 782 1726 824 Aucupor:
1751 786 1856 814 reete.
1905 786 2046 816 Ovidius
2074 786 2211 818 Heroid.
2240 787 2312 827 1x,
2341 789 2398 818 41.

1632 832 1792 869 Aucupor
1815 831 1946 873 infelix
1971 834 2128 864 incertae
2151 842 2331 864 murmura
2344 834 2482 877 famae.

1540 875 1585 905 Et
1610 876 1711 916 xm,
1748 878 1825 907 107.

1630 923 1792 960 Aucupor
1816 923 1852 952 in
1880 922 1967 953 tecto
1990 923 2171 954 mendaces
2194 923 2324 954 caelibe
2352 931 2489 954 somnos
2501 932 2518 964 ‚-

1675 968 1769 998 Dum
1795 976 1898 998 careo
1924 969 2016 999 verte
2028 989 2040 1006 ,
2061 971 2194 1010 gaudia
2211 970 2320 1012 falsa
2338 969 2482 1008 juvant.

1540 1013 1672 1044 Seneca
1699 1013 1858 1044 Thebaid.
1886 1022 1917 1047 v.
1941 1015 2026 1046 361.

1678 1060 1752 1092 H'ic
1779 1062 1975 1099 aucupabor
1998 1061 2108 1091 verba
2129 1062 2281 1092 rumor-is
2305 1062 2399 1102 vagi.

1541 1103 1630 1142 quod
1654 1107 1764 1137 active
1790 1106 1930 1145 protulit
1954 1108 2054 1138 Herc.
2079 1109 2154 1138 oet.
2184 1115 2216 1137 v.
2239 1107 2321 1138 482.

1635 1152 1891 1192 Circumspice,
1917 1154 2083 1194 agedum,
2110 1163 2153 1183 ne
2170 1154 2256 1193 quis
2281 1161 2421 1185 arcana
2446 1153 2600 1191 aucupet.

1540 1194 1584 1224 Et
1617 1205 1723 1239 sane,
1769 1198 1795 1229 si
1821 1207 1890 1230 non
1914 1198 1960 1230 ita
1989 1199 2112 1238 legerit
2134 1198 2323 1240 Domitius,
2364 1197 2490 1237 optime
2513 1200 2626 1231 tamen

1541 1239 1784 1282 interpretatus
1809 1247 1881 1284 est,
1919 1245 2145 1276 subauscutto
2172 1249 2208 1275 et
2234 1246 2352 1286 colligo
2374 1247 2499 1276 omnia.
2547 1244 2626 1276 Scio

1541 1291 1709 1326 quomodo
1733 1289 1822 1322 hunc
1846 1290 1945 1322 Statii
1966 1291 2078 1322 locum
2110 1291 2259 1330 explicet
2285 1291 2447 1330 Neapolis
2467 1291 2511 1322 ad
2527 1289 2626 1321 Ovid-

1539 1335 1630 1365 Fast.
1659 1338 1697 1375 1,
1724 1338 1799 1367 180.
1846 1336 1913 1368 Sed
1939 1337 2077 1368 omnino
2103 1345 2220 1367 verum
2246 1339 2299 1367 est
2325 1337 2502 1377 Aucupor.
2529 1338 2625 1368 vers.

1543 1382 1618 1413 123.
1678 1383 1812 1414 Nectite
1848 1392 1940 1413 nunc
1971 1383 2087 1414 laetae
2111 1385 2175 1416 etc.
2201 1383 2290 1414 hunc
2314 1391 2450 1414 versum
2473 1381 2625 1413 imitatur

1538 1427 1740 1460 Prudentius
1773 1429 1954 1468 apotheos.
1988 1432 2106 1460 contra
2138 1429 2440 1461 Homuncionistas
2474 1437 2506 1459 v.
2542 1430 2623 1460 206.

1541 1473 1671 1505 Solvite
1711 1474 1788 1512 jam
1826 1474 1944 1506 laetae
1986 1476 2179 1507 redolentia
2224 1475 2342 1506 vincla
2373 1482 2525 1506 sorores·
2558 1474 2624 1505 Pro

1540 1520 1676 1550 Nectite
1701 1521 1764 1551 Ed.
1786 1521 1880 1551 Rom.
1907 1522 2039 1562 Netste,
2067 1531 2087 1553 a
2113 1532 2175 1552 neo
2189 1532 2202 1552 .·
2227 1524 2261 1553 et
2284 1523 2348 1553 hoc
2371 1523 2487 1553 tuetur
2508 1520 2626 1552 Domi-

1541 1565 1628 1596 tius:
1656 1567 1715 1596 sed
1743 1567 1816 1597 sine
1842 1567 2017 1605 exemplis.

1587 1621 1618 1642 v.
1654 1614 1728 1643 128.
1867 1623 1931 1643 nec
1955 1615 1991 1643 si
2013 1618 2139 1643 vacuet
2165 1612 2332 1643 Mevania
2355 1612 2479 1652 valles,

1631 1659 1697 1688 Aut
1717 1663 1904 1697 praestent
1926 1660 2042 1690 alveos
2071 1659 2247 1689 Clitumna
2271 1659 2418 1689 novalia
2441 1653 2580 1695 tauros]

1539 1701 1633 1743 §Vel
1666 1704 1841 1742 legendum
1877 1705 1953 1735 Non
1988 1705 2016 1735 si
2044 1706 2185 1741 vacuet,
2227 1705 2283 1735 vel
2308 1704 2335 1735 si
2363 1703 2513 1735 retineas
2538 1703 2622 1742 Nec,

1539 1749 1774 1789 scribendum,
1820 1749 1870 1781 Et
1899 1753 2093 1790 praestent:
2141 1752 2175 1780 et
2205 1750 2268 1781 hoc
2293 1759 2424 1781 verum.
2469 1750 2541 1780 Nec
2566 1757 2622 1779 re-

1539 1796 1739 1826 solvendum
1773 1798 1824 1826 est
1857 1796 1890 1826 in
1924 1802 1961 1827 et
2000 1808 2088 1835 non,
2113 1796 2176 1827 hoc
2201 1797 2319 1827 modo:
2361 1798 2441 1827 NON
2463 1794 2623 1827 sufficiam

1540 1840 1566 1869 si
1606 1850 1651 1872 ET
1682 1842 1840 1872 Mevania
1872 1844 1995 1872 vacuet
2030 1843 2161 1883 valles,
2204 1850 2250 1874 ετ
2285 1842 2454 1874 Clitumna
2486 1841 2623 1873 novalia

1536 1891 1710 1924 praestent
1745 1887 1875 1918 niveos'
1898 1889 2034 1919 tauros:
2084 1897 2150 1919 non
2183 1895 2267 1920 Au'r.
2316 1889 2419 1920 Ntvez·
2442 1888 2531 1919 tauri
2558 1887 2624 1918 Cli-

1536 1934 1644 1964 tumni
1668 1932 1769 1964 fontis
1796 1932 1951 1964 omnibus
1979 1933 2072 1971 noti3
2110 1935 2195 1965 adeo
2219 1937 2258 1965 ut
2284 1934 2368 1965 nihil
2391 1935 2478 1965 forte
2501 1934 2538 1965 in
2560 1933 2623 1964 hac

1536 1988 1620 2011 voce
1644 1980 1856 2010 mutandum:
1883 1988 1950 2011 non
1972 1983 2084 2011 tamen
2108 1980 2322 2012 excusandus
2345 1981 2492 2019 Statius3
2517 1979 2625 2018 scrin-

1536 2025 1621 2056 sisse
1659 2027 1747 2056 enim
1781 2025 1897 2056 debuit
1925 2032 2068 2058 cunctos
2105 2028 2159 2058 vel
2186 2035 2300 2058 omnes
2324 2028 2463 2068 tauros,
2510 2027 2539 2057 si
2565 2035 2623 2057 ac-

1537 2076 1653 2103 curate
1677 2072 1906 2112 argumentari
1933 2073 2113 2104 voluisset:
2164 2074 2241 2103 Non
2267 2073 2426 2104 sufficiam
2452 2072 2482 2104 si
2507 2075 2626 2104 Meva-

1535 2117 1593 2148 nia
1631 2126 1769 2150 vacum
1804 2119 1930 2159 valles,
1977 2129 2039 2150 nec
2068 2120 2095 2149 si
2122 2120 2311 2150 Clitumnus
2334 2121 2484 2158 praestet
2507 2125 2624 2151 omens

1535 2166 1673 2202 tauros,
1703 2175 1769 2195 non
1802 2173 1930 2195 mvnos
1958 2167 2086 2197 tauros.
2115 2168 2211 2197 vers.
2236 2166 2296 2197 ult.
2322 2175 2384 2205 pro
2394 2168 2511 2209 farra
2530 2167 2623 2198 Rom.

1533 2210 1633 2241 habet
1661 2221 1794 2242 sac-ra:
1820 2221 2009 2250 perperam.

1262 2361 1611 2412 ECLOG.
1681 2366 1737 2413 V.

425 2523 593 2552 Buxssmu
627 2519 759 2551 Claudii
805 2520 972 2557 ETnusci]
1012 2518 1105 2548 Istud
1141 2527 1265 2548 nomen
1303 2519 1465 2559 cummi,

383 2569 470 2606 quod
507 2568 542 2597 in
569 2565 772 2596 editionibus
799 2565 1075 2604 desiderabatur,
1100 2573 1143 2593 ex
1167 2566 1263 2595 MSS.
1291 2567 1383 2595 recte
1408 2565 1466 2595 ad-

377 2614 467 2644 didit
512 2613 722 2643 Gronovius:
779 2613 813 2641 et
854 2612 917 2641 hoc
963 2611 1137 2641 confirmat
1169 2610 1335 2640 Praefatio
1369 2611 1464 2641 libri:

383 2662 473 2691 Nam
498 2663 646 2690 CLAUDH
672 2657 804 2687 Etrusci
830 2659 1062 2687 testimonium
1087 2660 1212 2692 extat,
1237 2659 1298 2695 qui
1319 2657 1467 2687 Balneu-

383 2707 452 2736 lum
477 2708 540 2735 etc.
565 2706 599 2735 et
623 2713 692 2734 mos
717 2704 962 2733 Romanorum:
991 2712 1091 2741 „nam
1110 2701 1188 2740 quia
1213 2702 1372 2732 Claudius
1392 2712 1465 2732 eum

383 2752 544 2793 „primus
581 2749 757 2789 provexit,
799 2758 921 2779 nomen
956 2749 996 2778 ab
1034 2748 1092 2778 illo
1130 2749 1277 2778 Patrono
1303 2748 1464 2787 accepit:“

383 2800 494 2829 Verba
531 2798 611 2827 sunt
640 2794 823 2831 Gronovii;
871 2794 927 2833 qui
960 2796 1072 2824 tamen
1103 2793 1136 2823 in
1171 2803 1213 2823 eo
1248 2796 1340 2824 errat
1373 2794 1461 2832 quod

384 2844 567 2875 confundat
594 2843 682 2872 hunc
706 2843 883 2871 Etruscum
899 2838 1016 2878 filium
1042 2849 1116 2870 cum
1138 2839 1268 2870 Patre:
1293 2849 1362 2870 non
1387 2851 1461 2871 eum

383 2891 470 2921 enim
505 2889 562 2920 sed
588 2893 727 2929 patrem
760 2887 834 2926 ejus
859 2885 1018 2925 provexit
1047 2885 1217 2916 Claudius.
1266 2886 1353 2918 Edit.
1380 2895 1462 2926 quo-

384 2946 446 2975 que
485 2938 593 2967 Parni.
631 2936 721 2965 clare
754 2933 872 2968 habet,
920 2935 1069 2963 Chauon
1104 2931 1252 2962 Etrusci
1281 2933 1461 2963 Balneum.

382 2983 459 3013 Non
498 2983 636 3012 multum
669 2988 751 3011 vero
784 2979 958 3009 molestiae
984 2978 1079 3009 nobis
1105 2978 1273 3008 exhibebit
1301 2979 1362 3009 hoc
1389 2979 1463 3009 Bal-

384 3038 506 3058 neum:
550 3030 583 3058 et
610 3029 694 3057 bene
719 3035 822 3063 sane3
874 3034 941 3055 non
971 3025 1058 3054 enim
1085 3023 1175 3054 inter
1200 3024 1297 3055 Statii
1324 3025 1460 3063 optima.

385 3074 450 3104 Sed
476 3083 543 3104 non
569 3073 668 3103 venia
691 3075 841 3111 tantum,
866 3081 983 3102 verum
1003 3071 1104 3101 etiam
1128 3070 1224 3100 laude
1245 3070 1364 3110 dignus
1385 3081 1464 3102 cen-

386 3119 508 3148 sendus
546 3121 616 3157 est,
663 3119 718 3156 qui
756 3118 890 3157 ingenio
927 3124 994 3148 tam
1026 3119 1143 3155 parato
1176 3116 1257 3157 suit,
1306 3119 1343 3147 ut
1365 3119 1464 3149 intra

387 3173 492 3194 cenae
517 3169 644 3202 tempus
669 3164 732 3194 hoe
761 3166 898 3203 poema,
928 3164 1159 3203 qualecunque
1184 3166 1256 3202 est,
1291 3165 1462 3194 excudere

386 3208 546 3248 potuerit.
576 3208 612 3238 in
644 3219 709 3246 qno
743 3220 939 3248 quamquam
966 3219 1035 3241 non
1062 3208 1190 3240 Omnia
1215 3210 1317 3240 clara
1341 3213 1463 3250 nitent,

385 3258 498 3285 tamen
521 3262 649 3291 gemma
676 3255 776 3285 unica
799 3256 904 3295 inest,
933 3255 1111 3293 splendore
1138 3256 1171 3286 et
1197 3256 1364 3295 elegantia
1389 3259 1465 3289 Sta-

1536 2519 1571 2549 tii
1609 2519 1812 2558 dignissima.
1851 2530 1891 2551 ea
1929 2523 1981 2552 est
2016 2531 2048 2552 v.
2086 2522 2140 2555 31.
2179 2521 2220 2551 de
2254 2519 2382 2551 fabrica
2404 2519 2525 2551 horum
2547 2521 2622 2552 Bal-

1535 2575 1675 2596 neorum
1695 2575 1702 2596 :

1674 2612 1761 2650 Ipsa
1784 2621 1909 2642 manns
1934 2614 2046 2643 tenuit
2072 2612 2241 2651 Cytherea
2269 2612 2392 2642 mariti

1629 2656 1905 2697 Monstravimuc
1933 2664 2028 2689 artes
2043 2668 2055 2687 :
2081 2669 2145 2689 neu
2171 2659 2249 2688 ritis
2269 2657 2420 2697 flamma
2444 2657 2595 2688 cama'noae

1632 2702 1777 2742 Ureret,
1799 2705 1878 2742 ipsa
1897 2704 2006 2745 faces
2029 2706 2207 2735 volucrum
2236 2705 2422 2734 succendit
2446 2702 2619 2734 Amorum.

1536 2751 1611 2780 Non
1643 2749 1858 2779 temnendum
1886 2752 1919 2779 et
1948 2751 2035 2781 istud
2063 2760 2095 2781 v.
2125 2752 2181 2781 48.

1673 2800 1817 2837 argento
1838 2796 1938 2838 felia·
1956 2797 2170 2836 propellitur
2194 2797 2290 2827 anda

1622 2840 1843 2882 Argentoque
1867 2844 1981 2882 cadit,
2011 2843 2188 2884 labrisque
2212 2841 2396 2873 nitentibus
2425 2844 2543 2876 instat

1623 2889 1781 2919 Delicias
1807 2890 1937 2920 mirata
1960 2898 2046 2920 suas
2060 2910 2070 2925 ,
2096 2894 2132 2920 et
2154 2890 2252 2920 abire
2276 2893 2432 2920 recusat.

1532 2938 1582 2967 De
1624 2934 1774 2973 reliquo,
1814 2933 1848 2963 in
1873 2934 1935 2965 lioc
1961 2937 2079 2974 peccat
2105 2937 2205 2974 poeta
2228 2935 2317 2973 quod
2342 2933 2514 2965 dimidium
2535 2934 2617 2973 ,μοδ-

1535 2982 1630 3013 matis
1661 2979 1846 3011 absumitur
1881 2981 1915 3011 in
1948 2981 2148 3022 Apparatu.
2196 2981 2372 3011 Praefatur
2395 2979 2483 3010 enim
2510 2987 2615 3018 usque

1533 3030 1574 3059 ad
1603 3038 1634 3059 v.
1662 3029 1716 3059 30.
1765 3027 1840 3062 Quo
1866 3029 1987 3067 pactu,
2027 3027 2159 3058 Atrium
2184 3028 2306 3065 aequat
2332 3026 2435 3064 ipsam
2461 3025 2615 3056 Domum.

1577 3084 1610 3105 v.
1637 3074 1672 3104 4.
1721 3072 1837 3111 Tuque
1861 3073 1998 3105 inimica
2017 3076 2146 3118 ferae,
2189 3073 2329 3104 volucer
2356 3070 2526 3111 Tegeaee,
2563 3080 2616 3102 so-

1756 3129 1865 3149 norae

1628 3165 1740 3205 Terga
1770 3167 1920 3204 premas]
1967 3166 2019 3195 Ita
2059 3161 2196 3194 Domitii
2233 3160 2377 3192 codices.
2425 3160 2614 3193 Politianus

1532 3213 1645 3241 tamen
1677 3210 1785 3249 Epist.
1816 3213 1882 3251 vl,
1923 3212 1952 3240 1.
1985 3208 2092 3250 legit,
2145 3207 2195 3238 Tu
2220 3215 2351 3245 quoque
2376 3209 2468 3239 muta
2481 3208 2615 3251 ferae.-

1533 3259 1568 3288 et
1602 3257 1643 3287 de
1679 3256 1742 3287 hac
1772 3256 2009 3287 emendatione
2040 3263 2112 3286 non
2151 3255 2202 3285 est
2226 3252 2464 3295 dubitandum,
2508 3253 2616 3293 inquit
