2892 3840
419 395 484 446 94

939 844 1008 902 P,
1084 840 1591 900 ΡΑΡΙΝΙΙ
1679 842 2124 906 STATII

656 1005 725 1093 S
880 1006 929 1092 I
1087 1004 1178 1093 14
1327 1004 1411 1086 ‘V
1554 1006 1644 1092 A.
1791 1008 1886 1096 13
2051 1010 2136 1101 U·
2284 1013 2395 1100 31

1196 1226 1424 1273 LIBER
1482 1229 1851 1274 QUARTUS,

1070 1551 1190 1607 AD
1272 1547 1937 1624 MARCELLUM.

392 1772 619 1855 Inveni
654 1791 887 1857 librum,
926 1783 1202 1840 Marcelle
1237 1782 1556 1851 carissime,
1595 1801 1768 1856 quem
1805 1785 2008 1858 pietati
2043 1795 2177 1846 tuae
2217 1790 2561 1852 dedicarem.

396 1898 553 1954 Reor
588 1894 858 1966 equidem
897 1889 1064 1943 aliter
1101 1903 1274 1957 quarn
1303 1887 1569 1944 invocato
1614 1887 1855 1942 numine
1901 1891 2147 1946 maximi
2196 1891 2560 1966 Imperatoris

395 2001 622 2061 nullum
676 1995 1016 2069 opusculum
1063 2007 1262 2047 meum
1321 1990 1597 2062 coepisse.
1675 1988 1792 2049 Sed
1853 1989 1947 2046 hic
1997 1993 2147 2051 liber
2196 2004 2314 2054 tres
2367 1997 2558 2054 habet.

386 2102 664 2175 Sequitur
700 2107 927 2173 quarta,
974 2114 1120 2174 quae
1159 2095 1233 2149 ad
1263 2092 1544 2153 honorem
1582 2102 1750 2149 tuum
1783 2095 2053 2166 pertinet.
2129 2098 2328 2158 Primo
2364 2111 2561 2160 autem
2598 2105 2630 2158 5

393 2207 703 2279 septimum
755 2203 1045 2260 decimum
1095 2196 1433 2254 Germanici
1476 2198 1658 2253 nostri
1716 2199 2079 2260 consulatum
2123 2203 2376 2260 adoravi.
2454 2204 2557 2261 Se..

390 2311 576 2367 eundo
608 2307 818 2381 gratias
840 2306 934 2379 egi
962 2303 1357 2364 sacratissimis
1392 2304 1513 2373 ejus
1542 2302 1749 2374 Epulis
1778 2301 2105 2364 honoratus·
2143 2305 2344 2364 Tertio
2381 2307 2555 2367 Viam

386 2412 783 2471 Domitianam
841 2410 1081 2469 miratus
1132 2425 1287 2476 sum,
1346 2425 1458 2479 qua
1514 2399 1917 2481 gravissimam
1971 2427 2275 2465 arenarum
2328 2425 2553 2467 moram

386 2515 628 2572 exemit:
664 2517 821 2585 cujus
862 2512 1145 2568 beneficio
1181 2519 1245 2567 tu
1286 2531 1512 2585 quoque
1559 2512 1840 2571 maturius
1886 2512 2189 2583 epistolam
2230 2529 2360 2567 eam
2402 2513 2625 2568 aeci-10

384 2620 537 2692 pies,
582 2635 755 2688 quam
797 2617 906 2671 tibi
943 2617 1005 2670 in
1051 2615 1158 2671 hoc
1213 2616 1363 2670 libro
1412 2634 1445 2671 a
1486 2613 1730 2686 Neapoli
1778 2614 1983 2670 scribo.
2057 2614 2407 2674 Proximum
2461 2624 2549 2672 est

382 2722 658 2793 Lyricum
689 2736 919 2778 carmen
956 2719 1029 2777 ad
1068 2716 1414 2789 Septimium
1447 2715 1746 2786 Severum,
1784 2718 2059 2777 iuvenem
2089 2717 2202 2794 (uti
2234 2714 2365 2792 scis)
2394 2719 2549 2777 inter

386 2823 777 2882 ornatissimos
813 2822 1050 2877 secundi
1079 2821 1322 2890 ordinis,
1366 2828 1534 2875 tuum
1566 2821 1801 2893 quidem
1832 2822 2009 2877 etiam
2057 2823 2543 2896 condiscipulum;

380 2930 487 2985 sed
512 2927 656 2983 mihi
690 2933 884 2984 contra
921 2924 1028 2979 hoc
1062 2916 1289 2997 quoque
1313 2925 1407 2994 jus
1418 2963 1435 2993 ,
1470 2925 1791 2981 arctissime
1827 2942 2043 2983 carum.
2122 2943 2258 2984 nam
2281 2926 2542 2982 Vindicis

382 3033 563 3087 nostri
596 3029 912 3087 Herculem
941 3027 1377 3104 Epitrapezion,
1412 3026 1738 3088 secundum
1788 3027 2064 3088 honorem
2105 3046 2277 3105 quem
2317 3030 2388 3084 de
2425 3030 2614 3098 me‚l5

473 3233 547 3263 Lin.
571 3235 603 3264 2.
626 3233 723 3272 Vulg.
747 3241 890 3269 animm.
937 3235 968 3264 8.
994 3232 1180 3272 Epistoiam
1208 3241 1317 3266 unam.
1366 3236 1420 3265 12.
1446 3241 1523 3265 JAM.
