2892 3840
363 392 483 447 ,128
1035 400 1941 443 nrAPiNrrsTA'ru-

372 518 616 578 Consilia3
650 524 798 581 atque
827 517 991 580 ipsam
1025 521 1248 563 mentem
1275 515 1470 579 probat.
1539 516 1625 565 ille
1654 517 1873 567 subactis

369 601 556 659 Molem
584 609 884 656 immensam
919 601 1140 650 humeris
1153 637 1167 661 ,
1203 611 1256 651 et
1291 607 1388 655 vix
1421 606 1680 656 tractabile
1714 607 1913 672 pondus

371 699 640 764 Imposuit,
677 696 797 760 (nec
829 693 965 739 enim
995 694 1310 742 numerosior
1339 695 1498 744 altera
1532 712 1678 766 sacra·
1764 690 1767 696 ¹

315 804 327 820 „
371 790 504 840 Cura
535 784 705 847 domo)
736 795 974 843 magnum
1001 781 1102 828 late
1137 781 1392 832 dimittere
1421 787 1479 832 in
1513 785 1687 833 orbem

369 876 598 929 Romulei
634 870 873 920 mandata
900 870 1082 929 Ducis3
1117 873 1352 937 viresque
1381 874 1657 939 modosque

368 965 569 1032 Imperii
598 967 810 1008 tractare
840 974 1021 1018 manu:
1058 974 1185 1024 quae
1216 962 1386 1012 laurus
1419 964 1482 1012 ab
1516 964 1687 1022 Arcto,

367 1055 499 1116 Quid
532 1065 690 1113 vagus
719 1049 1028 1114 Euphrates,
1065 1050 1185 1114 quid
1216 1052 1329 1115 ripa
1357 1053 1630 1102 binominis
1657 1054 1790 1114 Istri,

364 1144 500 1205 Quid
530 1141 693 1188 Rheni
722 1139 918 1187 vexilla
948 1140 1136 1188 ferant:
1177 1149 1420 1204 quantum
1451 1143 1658 1192 ultimus
1691 1144 1824 1194 orbis

367 1233 612 1288 Cesserit,
649 1237 700 1277 et
732 1230 888 1276 refluo
921 1230 1232 1277 circumsona
1265 1231 1457 1292 gurgite
1498 1231 1674 1279 Thule.

365 1325 549 1374 Omnia
581 1335 701 1368 nam
733 1319 892 1366 laetas
921 1318 1025 1382 pila
1059 1319 1340 1366 attollentia
1373 1319 1594 1378 frondes,

361 1414 606 1476 Nullaque
645 1410 840 1457 famosa
875 1409 1098 1469 signatur
1136 1406 1310 1455 lancea
1343 1409 1512 1472 pinna.

363 1503 655 1557 Praeterea,
686 1498 812 1545 fidos
845 1497 1094 1545 Dominus
1130 1498 1174 1543 si
1208 1496 1407 1546 dividat
1441 1511 1604 1558 enses,

362 1592 590 1643 Pandere
624 1590 733 1652 quis
770 1594 971 1636 centum
1003 1586 1174 1636 valeat
1202 1585 1400 1634 frenare
1436 1590 1672 1653 maniplis

363 1681 693 1732 Intermixtus
725 1692 900 1742 equos:
936 1677 1046 1739 quis
1084 1677 1399 1739 praecepisse
1431 1677 1646 1726 cohorti:

367 1772 527 1831 Quem
564 1768 739 1815 deceat
770 1767 888 1813 clari
917 1767 1255 1829 praestantior
1290 1766 1412 1813 ordo
1448 1767 1660 1815 tribuni:

365 1861 607 1921 Quisnam
642 1857 918 1917 frenigerae
955 1856 1151 1916 signum
1185 1853 1305 1900 dare
1342 1853 1538 1916 dignior
1575 1857 1698 1904 alae.

362 1949 499 1999 Mille
535 1949 687 1994 etiam
721 1959 992 2008 praenosse
1022 1945 1184 1993 vices:
1222 1958 1287 1991 an
1314 1946 1548 1992 merserit
1574 1961 1718 2007 agros

363 2039 533 2096 Nilus,
575 2052 641 2084 an
674 2035 932 2082 imbrifero
967 2032 1129 2094 Libye
1164 2033 1425 2082 sudaverit
1457 2034 1671 2084 Austro:

366 2128 654 2190 Cunctaque
683 2126 726 2173 si
760 2138 1047 2180 numerem,
1073 2137 1177 2169 non
1210 2123 1354 2186 plura
1375 2125 1654 2190 interprete
1690 2129 1833 2189 virga

362 2218 575 2269 Nuntiat
614 2231 641 2261 e
675 2215 819 2261 celsis
853 2213 957 2260 ales
990 2212 1284 2274 Tegeaticus
1310 2214 1487 2273 astris3

363 2307 599 2371 Quaeque
630 2303 765 2351 cadit
796 2302 1012 2367 liquidas
1042 2300 1261 2350 Junonia
1290 2304 1434 2364 virgo
1463 2319 1554 2368 per
1589 2319 1755 2364 auras,

359 2397 428 2444 Et
452 2398 699 2460 picturato
735 2394 963 2458 pluvium
993 2393 1116 2454 ligat
1148 2394 1266 2440 aera
1299 2408 1446 2455 gyro3

361 2485 597 2548 Quaeque
630 2492 743 2532 tuas
778 2484 948 2531 laurus
977 2483 1195 2540 volucri,
1230 2482 1551 2542 Germanice,
1589 2499 1734 2533 curru

357 2575 519 2624 Fama
554 2574 715 2631 vehit,
747 2587 1041 2637 praegressa
1075 2572 1235 2629 diem,
1273 2569 1571 2636 tardumque
1603 2575 1695 2622 sub
1727 2557 1887 2623 astris·

357 2663 581 2720 Arcada,
618 2670 668 2709 et
695 2664 749 2709 in
776 2661 945 2708 medio
975 2662 1202 2724 linquens
1230 2660 1602 2709 Thaumantida
1631 2664 1781 2711 caelo.

356 2753 567 2813 Qualem
603 2758 652 2797 te
689 2751 896 2814 Superi,
928 2750 1172 2808 Priscilla,
1202 2750 1529 2814 hominesque
1564 2750 1780 2814 benigno

355 2842 618 2908 Aspexere
647 2840 728 2888 die
759 2855 871 2887 cum
903 2839 1122 2903 primum
1157 2839 1442 2901 ingentibus
1479 2841 1602 2890 actis

355 2932 605 2980 Admotus
640 2931 849 2993 conjux!
881 2931 1050 2979 vicisti
1080 2928 1263 2991 gaudia
1289 2938 1420 2978 certe

445 3185 484 3213 V.
522 3184 576 3215 93.
608 3185 706 3226 Vulg.
729 3186 928 3221 MULTAQUE
969 3192 1118 3218 runosn.
1177 3186 1240 3227 95,
1277 3187 1333 3217 96.
1364 3193 1540 3219 MAxu’Los
1574 3193 1808 3220 txrl-:Rmssus
1842 3195 1963 3226 murs.

370 3242 422 3271 ΙΟ.
449 3247 572 3270 carme.

2022 3190 2096 3221 105·
2137 3195 2260 3220 CURSL'.

2542 703 2636 756 85'

2540 1600 2636 1647 95·-

2513 2049 2612 2096 1-00

2508 2498 2602 2543 105

2500 2945 2599 2991 110

2329 3191 2403 3222 107.
2436 3198 2591 3229 usqum
