2892 3840
438 397 539 451 248

473 520 696 557 olescentiam
734 519 798 551 etc.
809 516 833 537 “
885 517 979 547 Haec
1014 513 1074 544 Vir
1105 518 1270 543 summus:
1319 519 1389 541 non
1431 509 1526 540 recte

442 549 579 611 i'smen,
598 566 761 607 ‘opinor,
795 564 830 594 in
853 562 917 593 ista
941 568 1024 591 voce
1052 558 1204 589 cardine.
1231 557 1316 587 haec
1339 555 1429 586 enim
1455 563 1528 586 vox

443 627 516 652 non
541 615 680 647 denotat
715 613 852 643 initiam
874 607 944 643 rei,
986 603 1089 647 (quod
1113 611 1232 633 sensus
1255 600 1323 633 loci
1347 602 1445 640 hujus
1470 610 1527 632 re-

447 660 562 705 quirit)
595 660 651 691 sed
688 658 825 694 contra,
865 652 1038 683 notionem
1077 650 1312 680 extremitatis
1346 649 1418 679 fere
1443 656 1527 678 con-

445 712 550 743 tinet:
599 705 717 735 saltem
748 698 935 736 ambiguum
969 698 1039 736 est,
1083 694 1150 725 nisi
1180 694 1324 727 addatur
1355 692 1525 732 epitheton

447 756 536 797 quod
568 747 840 790 significationem
871 743 943 781 ejus
978 740 1190 772 determinet.
1215 740 1275 773 Sil.
1301 740 1439 772 Italicus
1462 739 1526 781 IX,

450 803 526 836 140.
552 797 607 827 ubi
629 794 773 826 Solimus
800 790 986 820 morituras
1010 786 1178 826 loquitur:

538 843 605 874 Sat·
618 846 774 878 magnum
794 835 858 865 hoe
873 835 1022 864 miserae
1035 835 1157 876 faerit
1170 831 1255 862 mila·
1274 830 1413 863 cardine
1430 831 1527 861 vitae

537 888 716 923 Solamen,
743 883 883 912 cavisse
905 882 1003 911 meis.

447 942 575 971 seneca
605 931 646 960 de
680 927 793 959 Benef.
816 927 874 966 IV,
898 927 953 957 22.
1000 924 1097 962 Quid
1114 930 1169 956 est
1190 930 1303 962 quare
1323 924 1425 962 grati
1445 920 1531 952 veli-

448 991 522 1015 mus
546 985 621 1009 esse
644 984 718 1005 cum
743 970 928 1003 morimur?
953 970 1052 1002 Nihil
1063 969 1141 1008 ,iam
1172 973 1334 1007 superest
1356 977 1420 1008 quo
1448 973 1529 1006 spes

442 1027 663 1070 porrigatur.
685 1021 721 1050 in
745 1018 802 1049 illo
829 1023 943 1048 tamen
971 1015 1107 1047 cardine
1129 1016 1261 1054 positi,
1301 1015 1399 1044 abire
1427 1023 1445 1044 e
1473 1021 1531 1042 re-

447 1076 508 1105 bus
553 1067 716 1100 human-'2
758 1072 862 1104 quam
902 1063 1101 1104 gratissimi
1135 1061 1302 1091 volumus.
1360 1060 1408 1090 01,
1445 1058 1532 1089 hanc

445 1118 636 1152 rationem,
690 1117 811 1148 nempe
857 1109 936 1147 quia
970 1116 1039 1139 vox
1072 1108 1124 1137 est
1168 1105 1289 1136 dubiae
1319 1104 1533 1144 significatio-

448 1165 501 1196 nis
551 1167 672 1198 saepe,
718 1155 892 1186 iuvenitur
948 1154 1098 1185 additum
1142 1152 1315 1191 epitheton
1366 1160 1533 1182 summam

448 1211 503 1242 vel
533 1210 733 1237 attremant.
773 1201 821 1231 ita
855 1201 1011 1239 exemplo
1046 1199 1106 1230 illo
1130 1198 1221 1237 quod
1254 1196 1446 1229 Gronovius
1474 1197 1534 1227 ad-

450 1253 542 1288 ducit
565 1259 608 1281 ex
630 1247 792 1279 Thebaid.
815 1246 859 1287 X,
885 1256 918 1278 v.
945 1248 1021 1279 853.

543 1298 627 1327 Tum
650 1303 731 1325 vero
758 1294 903 1324 attoniti
916 1294 1082 1336 fatorum
1103 1288 1241 1321 cardine
1267 1293 1397 1318 summo.

449 1349 580 1380 Seneca
603 1340 725 1372 Troad.
751 1348 780 1370 v.
808 1341 861 1371 52.

543 1387 708 1421 Mortalis
737 1387 818 1416 aevi
837 1383 1013 1416 cardinem
1034 1386 1237 1412 Exuit-:mun
1259 1386 1435 1418 premens.

450 1440 608 1469 Lucanus
631 1434 714 1473 vu,
739 1433 817 1464 381.

1006 1474 1128 1503 ultima
1146 1472 1236 1514 fala

544 1526 747 1564 Deprecor,
771 1531 815 1552 ac
840 1525 959 1559 turpes
986 1524 1147 1550 sir-raum
1170 1514 1317 1547 cardinis
1341 1522 1466 1546 annos.

454 1573 489 1606 Si
522 1572 625 1611 igitur
658 1567 792 1607 scripsit
818 1567 961 1597 cardine
991 1565 1054 1595 hoc
1077 1564 1156 1593 loco
1184 1561 1334 1601 statius,
1367 1558 1537 1590 addidisse

455 1619 570 1651 debuit
601 1623 720 1647 vocem
745 1619 878 1652 eamn,
922 1613 960 1640 ut
985 1613 1101 1641 notum
1125 1607 1249 1650 yesset
1274 1606 1366 1636 illum
1389 1604 1541 1636 innuisse

456 1667 595 1696 initium
636 1657 885 1692 adolescentiae
928 1656 1062 1687 Phileti.
1118 1653 1253 1684 Rectius
1280 1652 1373 1682 Idem
1411 1653 1543 1682 Grono-

456 1711 532 1742 vius
562 1709 599 1738 in
637 1715 723 1738 voce
758 1705 944 1741 tendebam
986 1711 1102 1741 quam,
1128 1701 1264 1738 praeter
1296 1706 1431 1728 sensum
1463 1696 1542 1736 loci,

459 1754 658 1789 confirmant
688 1753 761 1782 MS.
795 1748 954 1781 Senensis
989 1751 1022 1778 et
1053 1746 1144 1778 Edit.
1169 1746 1340 1776 Romana:
1370 1746 1404 1775 et
1427 1743 1475 1774 ita
1499 1751 1544 1772 ex

459 1801 655 1840 conjectura
699 1796 954 1827 emendaveram
991 1794 1184 1832 priusquam
1221 1791 1324 1822 ullam
1356 1789 1544 1820 variantem

457 1848 638 1880 lectionem
675 1843 836 1872 videram.
872 1845 1009 1870 nectere
1050 1838 1213 1869 tendebat
1251 1836 1337 1867 idem
1371 1838 1423 1865 est
1456 1833 1545 1874 quod

455 1893 627 1934 pergebat
646 1894 783 1918 nectere
807 1895 866 1916 seu
895 1886 1059 1916 nectebat.
1090 1883 1137 1912 ita
1161 1881 1241 1913 Silv.
1266 1883 1306 1921 V,
1332 1881 1363 1911 3.

549 1935 719 1966 Tenderet
745 1938 778 1964 ct
805 1938 902 1963 torvo
927 1933 1047 1970 pietas
1070 1937 1216 1966 aequare
1245 1927 1410 1958 Maroni.-

459 1984 494 2015 id
531 1985 603 2023 est,
645 1982 815 2020 aequaret
846 1976 991 2008 Maroni.
1028 1976 1074 2006 ita
1111 1975 1220 2005 tendit
1246 1973 1410 2005 divellere
1441 1970 1545 2000 nodos

460 2029 579 2068 virgil.
606 2028 690 2057 Aen.
716 2027 766 2066 11,
799 2024 880 2054 220.
915 2023 1024 2053 tendit·
1048 2022 1254 2052 convincere
1281 2028 1343 2058 pro
1370 2017 1547 2049 convincit

460 2073 639 2107 Lucretius
673 2073 713 2102 V.
746 2079 841 2109 aqua
884 2069 991 2098 tendit
1020 2075 1178 2105 rumpere
1199 2067 1395 2106 plumbum,
1439 2064 1549 2093 flora-

460 2122 527 2153 tius
563 2118 670 2158 Epist.
704 2117 741 2156 1,
783 2118 833 2146 10.
881 2115 1018 2145 Tacitus
1050 2113 1172 2145 Annal.
1199 2113 1224 2141 Ι.
1273 2111 1314 2142 Si
1335 2116 1450 2141 lamen
1473 2110 1548 2138 ten-

460 2169 580 2198 derent
603 2166 639 2194 in
662 2172 755 2201 pace
780 2163 913 2190 tentare
932 2170 1027 2200 quae
1052 2170 1094 2190 ne
1120 2158 1273 2189 civilium
1298 2157 1431 2197 quidem
1450 2154 1551 2185 betto-

462 2223 539 2243 rum
582 2212 731 2240 victores
767 2206 1078 2246 expostulaverint.
1118 2206 1153 2235 et
1175 2202 1378 2235 Claudianus
1409 2201 1446 2231 in
1477 2201 1549 2231 Eu-

464 2262 552 2297 trop.
576 2257 603 2294 1,
630 2255 706 2285 300.

557 2303 669 2341 Quam
706 2297 855 2336 pulchre
898 2301 1102 2337 conspectus
1141 2300 1240 2331 crat,
1286 2303 1363 2324 cum
1397 2292 1552 2324 tenderet

686 2349 787 2374 artus

556 2391 769 2430 E.rsangues
798 2396 943 2419 onerare
967 2392 1067 2428 toga.

464 2438 593 2471 Eodem
618 2437 726 2476 libro,
754 2443 787 2465 v.
813 2435 866 2465 14.

1047 2479 1193 2510 Nilusne
1218 2484 1333 2510 meatu

563 2527 716 2561 Devius,
740 2528 776 2555 et
798 2526 913 2555 nostri
936 2523 1053 2555 tendat
1075 2524 1151 2563 jam
1178 2527 1372 2567 transfuga
1392 2524 1511 2554 mundi

562 2573 608 2603 Se
632 2573 735 2602 rubro
760 2570 901 2601 miscere
926 2570 1043 2601 mari?
1372 2591 1374 2594 ψ

469 2620 520 2651 ita
554 2627 599 2650 ex
632 2618 762 2647 duobus
792 2616 887 2647 libris
923 2618 1017 2647 MSS.
1054 2615 1137 2655 legit
1162 2615 1319 2645 Heinsius
1346 2624 1407 2653 pro
1431 2619 1553 2645 tentat.

470 2663 549 2696 Pari
580 2664 678 2694 modo
705 2663 922 2700 depravatum
946 2661 1060 2691 Ovidii
1082 2662 1194 2692 locum
1221 2669 1265 2691 ex
1290 2661 1423 2699 optimis
1447 2663 1556 2692 Mem-

468 2709 587 2742 branis
614 2708 764 2739 restituit
791 2708 903 2747 Idem,
927 2709 1064 2737 Metam.
1088 2707 1148 2745 XI,
1170 2706 1245 2737 533.
1368 2712 1372 2714 ⁴

563 2756 657 2785 Pars
681 2756 788 2794 igitur
809 2753 967 2783 tendebat
989 2753 1102 2782 adhuc
1123 2752 1286 2781 invadere
1299 2753 1444 2789 pinum.-

473 2802 576 2840 vulgo
601 2802 674 2831 erat
695 2800 864 2832 tentabat.
911 2798 1097 2829 Infeliciter
1120 2807 1202 2828 vero
1231 2796 1444 2837 Gronovius,
1484 2804 1559 2826 cum

472 2846 660 2885 distinguit,

567 2893 729 2930 Invidia,
756 2890 910 2932 infelix,
933 2891 1048 2919 animi
1074 2889 1200 2919 vitalia
1223 2889 1322 2928 vidit,

476 2939 512 2970 et
545 2939 588 2969 ad
620 2939 741 2969 Ursum
776 2936 947 2974 pertinere
979 2934 1058 2965 facit
1092 2935 1242 2977 infeli.z',
1292 2933 1435 2965 vocandi
1471 2941 1559 2963 casu.

477 2987 650 3024 Sumptum
696 2981 784 3013 enim
823 2982 886 3013 hoc
932 2981 1103 3020 epitheton
1147 2981 1307 3011 Invidiae
1342 2988 1386 3010 ex
1419 2978 1560 3018 Virgilio

474 3031 599 3069 Georg.
627 3032 696 3070 111,
721 3030 775 3060 37.

570 3078 711 3106 lsvmm
733 3080 875 3105 mrssux
897 3072 1029 3105 Furias
1054 3080 1252 3112 amnemque
1279 3079 1433 3102 severum

573 3123 691 3160 Cocyti
715 3124 852 3150 metuet.

482 3162 540 3193 ubi
565 3168 660 3196 notat
691 3165 850 3205 Servius,
902 3165 998 3201 Quae
1032 3164 1222 3195 invidentes
1246 3160 1357 3200 efficit
1377 3161 1564 3203 infelices.-

484 3207 542 3238 cui
564 3209 838 3250 interpretationi
861 3210 999 3249 pulchre
1027 3209 1186 3243 convenit
1212 3209 1301 3248 quod
1334 3208 1375 3239 de
1397 3208 1459 3240 hac
1490 3208 1565 3239 Dea

1278 383 1465 432 NOTAE
1499 395 1570 432 Au
1605 383 1711 431 Lm.
1739 384 1795 431 11.
1835 387 1880 431 6.

2390 368 2517 454 511⁷
2555 406 2680 455 gula

1595 517 1676 540 mox
1711 508 1811 545 dicit,
1829 504 1963 547 poetas
2005 517 2150 551 :seseque
2187 512 2329 544 videndo
2358 513 2507 547 Toasrr.
2538 515 2678 547 ovidius

1594 557 1675 587 Met.
1700 557 1754 598 11,
1780 555 1859 586 782.
1883 555 1924 586 de
1948 554 2099 586 Invidia:

2042 599 2295 640 intabescitque
2319 603 2459 636 videndo

1688 644 1882 676 Successus
1905 643 2101 686 hominum5
2126 647 2324 688 carpitque,
2345 654 2381 681 et
2403 651 2564 690 car-pitur-
2594 660 2678 688 una,

1684 690 1959 730 suppliciumque
1981 700 2078 723 suum
2103 693 2166 723 est.
2566 720 2582 727 ,

1594 735 1685 766 unde
1711 737 1935 775 pulcherrima
1958 737 2146 769 Alexandri
2169 735 2285 776 Magni
2307 744 2397 778 vox,
2420 740 2554 772 invidos
2572 741 2681 772 homi-

1595 791 1657 813 nes
1696 782 1786 814 nihil
1818 783 1922 814 aliud
1948 793 2050 823 quam
2076 786 2229 824 ipsorum
2251 791 2329 813 esse
2352 787 2547 824 tormenta3
2595 787 2681 818 rere-

1593 829 1693 858 rente
1714 829 1754 864 Q.
1780 828 1916 870 Curtio,
1940 829 1999 860 lib.
2029 831 2132 870 VIII,
2170 838 2199 859 c.
2226 829 2278 859 12.
2301 830 2395 859 recte
2419 829 2521 869 igitur
2543 831 2682 864 Invidia

1595 880 1751 905 uranx.
1790 874 1900 904 Multa
1925 875 1966 904 de
1989 875 2052 906 hoc
2071 874 2170 907 statii
2191 874 2269 905 loco
2287 874 2473 906 Salmasius
2491 875 2599 914 Epist.
2625 880 2680 910 86.

1598 920 1641 951 ad
1665 919 1894 951 Gronovium:
1944 930 2029 959 quae
2055 921 2167 952 omnia
2199 919 2325 951 retexit
2347 920 2455 959 Epist.
2483 923 2538 952 88.
2565 924 2600 954 et
2623 922 2683 955 de-

1598 975 1689 998 mum
1719 965 1821 1006 legit,
1861 967 1959 997 vitae
1993 968 2089 998 modo
2123 966 2225 997 limen
2261 966 2404 998 adultae
2434 967 2583 998 Nee-tere
2608 973 2684 1000 ten-

1600 1013 1718 1050 tabat,
1758 1011 1913 1051 proxime
1946 1021 2074 1043 verum.
2118 1013 2276 1044 Nostram
2303 1012 2546 1044 correctionem
2567 1009 2684 1057 ἄναμ-

1601 1054 1817 1103 φισβήτητον
1850 1059 1942 1097 puto.
1999 1059 2147 1091 Nectere
2178 1067 2259 1090 vero
2298 1059 2483 1090 trieterida
2522 1059 2559 1090 ut
2595 1058 2686 1100 apud

1600 1101 1787 1136 Ausonium
1815 1103 2022 1143 Epigramm.
2663 1107 2665 1109 ’

1699 1147 1865 1180 Undecies
1890 1160 2062 1192 unamque
2082 1157 2190 1189 super
2211 1148 2388 1180 trieterida
2413 1150 2524 1181 necte.

1602 1204 1636 1246 Ξ
1650 1207 1699 1244 [v.
1724 1206 1780 1236 72.
1834 1204 1933 1236 Eleis
1969 1215 2076 1237 unam
2111 1207 2292 1237 trieterida
2326 1208 2494 1246 rus-mis]
2528 1205 2688 1238 Heinsius

1602 1251 1646 1282 ad
1674 1250 1784 1281 Ovidii
1809 1253 1891 1282 Met.
1923 1250 2022 1292 XIV,
2063 1253 2141 1284 525.
2173 1261 2236 1291 pro
2274 1259 2425 1284 LusTms
2457 1252 2595 1292 conjicit
2629 1259 2691 1284 us-

1603 1303 1694 1328 erls.
1752 1297 1844 1327 Nihil
1876 1298 2082 1329 mutandum.
2127 1298 2218 1328 Elea
2243 1298 2384 1340 lustra,
2421 1301 2460 1329 ut
2491 1298 2689 1339 Capitolina

1603 1344 1722 1374 tustra
1751 1343 1800 1373 Ad
1837 1343 1944 1373 Uxor.
1975 1352 2008 1376 v.
2040 1344 2095 1374 92.
2137 1345 2295 1384 patrium
2332 1346 2394 1375 seu
2416 1345 2686 1384 Neapolitanum

1603 1390 1752 1420 lustrum
1797 1390 1950 1420 surrent.
1983 1389 2068 1420 Poll.
2102 1398 2134 1420 v.
2169 1391 2200 1419 6.
2237 1392 2272 1420 et
2304 1388 2430 1421 similis
2467 1389 2599 1429 passim.
2632 1391 2689 1421 Ex

1604 1435 1713 1472 Ana]
2680 1463 2682 1468 ,

1653 1489 1687 1510 v.
1719 1481 1774 1509 76.
1825 1478 1957 1515 Torsit,
1993 1484 2029 1510 et
2060 1478 2227 1510 Invidiam
2264 1479 2475 1518 Martemque
2515 1480 2688 1521 amplexa]

1606 1527 1728 1556 Totum
1761 1523 1874 1554 locum
1909 1525 1991 1554 libet
2019 1534 2215 1565 apponere,
2255 1529 2293 1557 ut
2320 1525 2434 1556 videas
2458 1535 2556 1565 quam
2584 1526 2693 1567 negli-

1610 1575 1733 1612 genter
1758 1569 1812 1598 hic
1835 1572 1977 1608 egerunt
2003 1571 2228 1609 Interpretes:

1700 1614 1863 1646 Attendit
1884 1620 1981 1645 torvo
2003 1618 2120 1647 tristis
2146 1617 2356 1647 Rnsmxusm
2381 1615 2502 1647 vultu.-

1701 1660 1754 1691 Ac
1777 1663 1927 1699 primum
1958 1663 2173 1702 implevitque
2203 1667 2320 1702 toros,
2349 1663 2525 1702 oculisque
2546 1663 2693 1694 nitorem

1702 1706 1871 1737 Addidit.-
1898 1712 1933 1737 et
1955 1707 2055 1738 solito
2081 1708 2267 1739 sublimius
2291 1716 2356 1738 ora
2377 1709 2524 1744 levavit,

1705 1752 1802 1790 (Heu
1825 1755 1949 1783 misero
1971 1753 2073 1783 letale
2097 1755 2232 1796 favens
2242 1750 2271 1790 I)
2297 1763 2437 1794 seseque
2459 1754 2602 1785 videndo

1709 1799 1848 1834 Torsit,
1873 1803 1908 1829 et
1925 1800 2095 1830 Isvmuu
2121 1799 2329 1838 Martemque
2356 1799 2512 1838 amplexa
2527 1798 2668 1838 jacenti

1710 1843 1845 1881 Injecit
1867 1852 1979 1875 nexus
1992 1854 2004 1875 .·

1615 1898 1673 1930 ubi
1696 1899 1918 1929 Rhamnusia
1944 1899 2062 1930 eadem
2089 1901 2140 1930 est
2163 1909 2249 1938 quae
2273 1901 2428 1932 Nemesis
2453 1910 2512 1932 seu
2541 1901 2695 1942 Invidia,

1614 1947 1666 1984 (ut
1707 1946 1819 1984 paullo
1853 1947 1931 1976 ante
1968 1946 2053 1976 dixit
2085 1955 2116 1976 v.
2149 1948 2203 1976 69.
2260 1947 2405 1978 Invidia
2434 1947 2583 1990 infeli-r)
2622 1948 2696 1978 Des

1616 2001 1736 2030 nempe
1761 2000 1846 2029 quae
1872 1991 1970 2022 nimis
1998 1992 2186 2022 mortalium
2212 1992 2420 2023 successibus
2443 1995 2477 2024 et
2500 1994 2600 2024 rebus
2626 1993 2698 2024 lae-

1617 2038 1660 2068 tis
1694 2037 1841 2067 invidet:
1885 2038 1975 2069 unde
1998 2047 2140 2079 aegram
2165 2039 2268 2070 laetis
2292 2041 2459 2071 lavinum
2490 2038 2572 2070 dicit
2595 2039 2696 2070 Theb.

1617 2086 1653 2121 1,
1694 2085 1769 2114 126.
1826 2084 2054 2119 Quintilianus
2088 2085 2239 2115 Prooem.
2278 2084 2334 2116 lib.
2365 2087 2420 2116 VI.
2470 2084 2699 2117 Observatum

1611 2131 1696 2173 fere
1717 2135 1771 2160 est
1791 2130 1938 2160 celerius
1961 2131 2119 2161 occidere
2136 2132 2352 2173 festinatam
2375 2133 2633 2171 maturitatem5
2665 2137 2702 2164 et

1619 2185 1696 2207 esse
1714 2176 1830 2205 nescio
1849 2186 2060 2217 quam‚quae
2081 2186 2160 2216 spes
2181 2182 2300 2208 tantas
2321 2179 2498 2216 decerpat,
2510 2178 2699 2215 ΙΝνιοῐΑης

1619 2232 1662 2253 ne
1698 2222 1873 2260 videlicet,
1916 2223 2012 2253 altra
2040 2233 2142 2263 qnam
2173 2222 2303 2254 laomim·
2327 2225 2443 2255 datum
2479 2229 2540 2265 est,
2570 2228 2696 2255 nostra

1614 2267 1867 2307 provehantur.
1923 2269 2019 2299 Hanc
2057 2268 2218 2299 Glauciae
2255 2270 2428 2301 Nutricem
2454 2269 2603 2310 assignat
2625 2271 2702 2302 su-

1616 2314 1708 2351 tius,
1734 2312 1770 2342 in
1798 2313 1869 2351 ejus
1893 2314 2075 2355 Epicedio,
2100 2324 2131 2345 v.
2160 2317 2238 2348 120.

1714 2370 1859 2401 Scilicet
1880 2373 2045 2413 infausta
2072 2371 2243 2403 Lac-laesis
2267 2371 2442 2402 cunabula
2462 2371 2591 2400 dextra

1712 2416 1861 2457 Ati-'¹1'git,
1887 2423 1924 2448 et
1943 2419 2072 2458 gremio
2091 2427 2240 2458 puerum
2263 2417 2444 2455 comptexa
2461 2416 2613 2458 fovebat

1712 2464 1866 2493 vamm.

1622 2527 1719 2557 quem
1743 2519 1855 2550 locum
1878 2518 2052 2557 explicans
2078 2518 2256 2550 chartius
2278 2517 2424 2548 Elector.
2451 2518 2521 2557 111,
2548 2519 2600 2548 10.
2621 2517 2704 2548 llaec

1623 2566 1736 2595 notat:
1776 2565 1951 2604 „Invidia
1973 2564 2026 2594 hic
2048 2564 2221 2594 auss'erendi
2244 2573 2339 2594 casus
2366 2572 2433 2594 non
2459 2565 2529 2602 est,
2554 2563 2614 2593 sed
2639 2573 2703 2594 no-

1622 2631 1646 2648 ,‚
1659 2610 1818 2640 minandi.
1877 2609 2004 2640 Statius
2045 2609 2134 2639 enim
2167 2608 2394 2648 philosophice
2435 2609 2610 2640 Invidiam
2642 2617 2703 2640 seu

1625 2657 1823 2696 „Nemesin
1858 2656 1951 2685 velut
1985 2655 2136 2685 altricem
2172 2659 2206 2686 et
2236 2655 2400 2686 nutricem
2427 2654 2588 2686 Glauciae
2618 2654 2703 2686 assi-

1626 2704 1758 2743 „gnat‚
1793 2710 1877 2739 quae
1909 2701 1944 2731 in
1971 2701 2079 2739 primo
2101 2702 2266 2740 pueritiae
2288 2702 2391 2741 flore,
2425 2701 2537 2732 omnia
2559 2699 2610 2731 illi
2634 2701 2705 2732 ele-

1627 2746 1798 2788 „gantiae
1822 2755 1861 2777 ac
1888 2747 2070 2777 venustatis
2098 2748 2208 2785 dona,
2251 2756 2366 2778 omncs
2392 2749 2578 2788 Veneram,
2622 2748 2706 2779 Gra-

1627 2793 1850 2832 „tim-umque
1875 2792 1969 2823 dotes
1991 2793 2225 2824 liberalissime
2250 2793 2475 2834 concesserit,
2507 2793 2567 2823 sed
2588 2795 2627 2824 ut
2645 2802 2706 2833 po-

1628 2842 1734 2879 „stea
1758 2839 1894 2877 gravius
1924 2839 1973 2869 illi
1998 2843 2157 2879 noceret,
2203 2843 2237 2871 et
2268 2840 2339 2871 vita
2364 2839 2423 2870 vix
2447 2839 2591 2871 salutata
2611 2839 2704 2870 illum

1627 2905 1652 2922 ‚,
1664 2884 1820 2922 eriperet.
1866 2886 2184 2923 interpretationem
2206 2886 2292 2917 hanc
2320 2895 2427 2916 meum
2451 2885 2579 2916 firmavi
2599 2884 2703 2915 simil-

1630 2930 1743 2971 „limo
1778 2933 1852 2961 loco
1881 2931 1977 2961 Statii
2012 2932 2066 2970 qui
2100 2933 2195 2963 extat
2220 2933 2282 2963 hoc
2308 2932 2426 2963 eodem
2449 2931 2504 2962 lib.
2525 2931 2559 2961 2.
2581 2929 2702 2962 Silvar.

1630 2977 1702 3019 „in
1739 2975 1904 3016 Epic-edio
1935 2978 2060 3018 Pileti,
2098 2978 2233 3016 juvenis
2263 2975 2510 3012 formosissimi3
2553 2975 2705 3006 cuicum

1631 3031 1781 3065 „omnes
1814 3022 1916 3053 animi
1952 3023 2168 3063 corporisque
2207 3025 2301 3055 dotes
2333 3024 2512 3054 etiamnum
2543 3030 2648 3059 puero
2683 3030 2704 3052 a

1632 3070 1804 3110 „Nemes-i
1826 3069 1921 3109 Dea,
1957 3079 2055 3108 quam
2081 3069 2126 3100 ibi
2154 3070 2403 3101 Rhamnusiam
2425 3065 2591 3107 appellat,
2633 3067 2706 3098 col..

1632 3116 1751 3156 „latas
1775 3122 1850 3144 esse
1876 3118 1977 3153 poeta
2002 3115 2227 3158 ycecinisset,
2259 3116 2321 3146 hoc
2353 3114 2393 3144 ab
2421 3112 2481 3143 illa
2499 3111 2620 3143 factum
2646 3113 2705 3153 ait,

1635 3164 1705 3202 „ut
1733 3160 1854 3190 deinde
1886 3161 2040 3192 acerbius
2062 3161 2220 3199 juvenem
2246 3160 2426 3199 affligeret3
2473 3160 2507 3188 et
2532 3159 2706 3191 Invidiam

1635 3216 1709 3250 „ac
1738 3206 1897 3247 Mortem,
1920 3207 2030 3240 socias
2053 3215 2131 3239 suas
2156 3215 2268 3240 secum
2295 3205 2475 3247 adducens,
2502 3213 2578 3237 eum
2600 3214 2708 3238 annos

2814 1940 2824 1946 ἱ
