2892 3840
374 394 473 444 116
567 459 569 465 Α
1084 405 1127 439 Ρ.
1197 401 1573 439 PAP1N11
1651 400 1967 439 s'raru

373 518 518 568 Nunc
550 514 744 583 quoque
779 519 845 582 (si
872 530 1037 564 mores
1065 515 1381 577 humanaque
1415 521 1620 578 pectora
1654 527 1801 562 curae
1884 571 1891 578 .

373 605 535 656 Nosse
568 607 715 672 Deis)
745 621 848 653 non
886 606 999 652 aula
1031 603 1262 667 quidem,
1293 602 1587 664 Tirynthie‚
1623 616 1716 650 nec
1774 611 1797 651 t
2188 644 2191 647 a
2378 631 2381 635 -
2425 645 2427 648 Α
2545 608 2612 656 90

374 696 558 758 Regius
593 696 750 744 ambit
778 695 960 741 honos:
998 692 1089 740 sed
1119 699 1283 750 casta,
1319 693 1592 755 ignaraque
1623 692 1798 756 culpae

374 784 518 832 Mens
554 783 770 841 domini,
802 784 880 830 cui
906 783 1071 847 prisca
1100 781 1252 840 fides,
1284 789 1589 845 coeptaeque
1609 795 1842 843 ,perenne

375 872 577 920 Foedus
613 873 876 919 amicitiae.
948 873 1042 919 scit
1074 869 1236 919 adhuc
1264 871 1472 917 florente
1504 869 1596 916 sub
1635 883 1762 918 aevo
2023 898 2043 914 .-

374 962 469 1009 Par
498 962 691 1022 magnis
726 960 964 1008 Vestinus
1000 961 1110 1010 avis
1122 994 1136 1018 ,
1173 973 1323 1022 quem
1347 964 1494 1004 nocte
1527 957 1709 1020 dieque

375 1050 565 1114 Spirat,
611 1055 662 1094 et
700 1049 756 1095 in
799 1064 943 1096 carae
974 1049 1107 1098 vivit
1146 1046 1492 1110 complexibus
1531 1046 1754 1095 umbrae.
2393 1102 2398 1111 Ι
2555 1051 2620 1098 95

372 1137 467 1184 Hic
498 1139 650 1199 igitur
684 1138 777 1185 tibi
803 1138 937 1186 laeta
965 1133 1138 1202 quies,
1167 1137 1439 1185 fortissime
1463 1135 1655 1186 Divum
1816 1117 1820 1122 ⁴

373 1225 573 1273 Alcide:
605 1242 698 1275 nec
729 1226 860 1275 bella
890 1226 1036 1277 vides
1065 1240 1355 1290 pugnasque
1391 1225 1599 1282 feroces,

376 1316 477 1363 Sed
511 1315 715 1378 chelyn,
750 1324 801 1363 et
829 1317 1016 1374 vittas,
1050 1324 1102 1364 et
1132 1321 1360 1363 amantes
1392 1316 1615 1362 carmina
1644 1315 1829 1362 laurus.

374 1403 471 1451 Hic
503 1405 595 1452 tibi
630 1406 824 1453 solenni
856 1405 1158 1454 memorabit
1188 1405 1433 1462 carmine,
1466 1411 1683 1468 quantus
2598 1457 2601 1459 ,

375 1494 549 1541 Iliacas
580 1494 876 1558 Geticasque
912 1493 1115 1553 domos,
1152 1501 1462 1558 quantusque
1494 1489 1719 1543 ¹nivalem
1883 1551 1887 1556 .
2528 1493 2627 1540 100

380 1582 739 1646 Stymphalon,
784 1591 1094 1648 quantusque
1116 1585 1251 1646 J‘ugis
1278 1582 1612 1630 Erimanthon
1650 1583 1851 1647 aquosis

382 1670 663 1720 Terrueris:
698 1687 846 1736 quem
884 1680 933 1719 te
963 1674 1156 1738 pecoris
1185 1686 1445 1736 possessor
1479 1672 1627 1729 Iberi,

384 1757 543 1818 Quem
575 1761 745 1808 tulerit
772 1777 954 1811 saevae
984 1762 1284 1809 Mareoticus
1320 1761 1507 1808 arbiter
1539 1776 1669 1808 arae.

380 1846 475 1894 Hic
500 1857 763 1913 penetrata
792 1851 884 1898 tibi
913 1852 1223 1914 spoliataque
1258 1850 1434 1897 limina
1461 1850 1641 1897 Mortis

383 1935 653 1995 Concinet,
686 1945 738 1986 et
763 1939 939 1986 flentes
969 1939 1190 2000 Libyae,
1231 1929 1565 2002 Scythiaeque
1592 1940 1800 2003 puellas.
1894 1973 1898 1977 -
2528 1941 2623 1987 105

386 2023 489 2071 Nec
521 2032 570 2071 te
599 2034 832 2088 regnator
860 2027 1135 2086 Macetum,
1170 2043 1263 2075 nec
1291 2027 1532 2076 barbarus
1567 2043 1788 2092 unquam

382 2112 626 2172 Annibal,
658 2123 746 2163 aut
778 2118 917 2166 saevi
946 2125 1120 2180 posset
1151 2132 1262 2167 vox
1290 2116 1494 2164 horrida
1529 2118 1697 2178 Syllae

384 2201 478 2249 His
509 2203 756 2250 celebrare
792 2205 969 2253 modis.
1042 2214 1173 2254 certe
1209 2215 1264 2254 tu
1294 2208 1516 2254 muneris
1551 2206 1746 2269 author⁸

385 2290 498 2338 Non
528 2292 638 2340 aliis
674 2294 847 2341 malles
883 2295 1060 2354 oculis,
1094 2296 1342 2360 Lysippe,
1370 2296 1587 2361 probari.

477 2581 516 2614 V,
544 2581 600 2614 98.
627 2581 751 2622 Forte,
777 2583 927 2612 amantes
960 2588 1126 2618 muron
1153 2584 1280 2615 laurus.
1331 2573 1407 2616 105.
1430 2585 1526 2624 Vulg.
1550 2591 1784 2615 scr‘rnmssvs.
