2892 3840
915 400 1421 454 ‘srnvanumv
1472 404 1634 452 Lrn.
1714 406 1749 452 1.

223 525 378 576 Forte
411 532 630 579 serenati
659 545 759 596 qua
786 538 889 580 stat
915 530 1065 595 plaga
1091 530 1255 578 lactea
1286 529 1427 587 caeli,

223 615 375 667 Alma
403 617 574 670 Venus
607 620 856 680 thalamo,
886 620 1035 685 pulsa
1064 618 1218 668 modo
1250 624 1425 676 nocte,
1448 618 1667 680 jacebat,

224 708 485 775 Amplexu
514 711 641 761 duro
670 713 833 761 Getici
860 712 1085 761 resoluta
1112 711 1299 759 mariti.

224 797 431 860 Fulcm,
464 810 700 869 torosque
731 802 858 852 deae
886 810 1117 850 tenerum
1146 802 1334 866 premit
1361 814 1544 862 agmen
1576 799 1847 849 Amorum:

225 890 381 953 Signa
409 901 616 957 petunt,
653 909 776 960 quas
811 895 943 943 ferre
980 894 1115 942 faces
1130 927 1144 951 ,
1181 908 1309 956 quae
1340 899 1545 956 pectora
1579 892 1663 952 figi

226 980 469 1045 Imperet3
498 999 565 1031 an
594 986 741 1032 terris
774 987 999 1040 saevire,
1026 998 1093 1031 an
1125 983 1271 1030 malit
1301 983 1357 1028 in
1389 981 1557 1038 undis,

227 1069 311 1117 An
342 1073 554 1130 miscere
588 1072 711 1120 deos
724 1106 739 1131 ‚
769 1087 835 1120 an
862 1071 1026 1119 adhuc
1059 1085 1254 1121 vexare
1287 1069 1584 1116 Tonantem.

227 1160 329 1225 Ipsi
360 1161 557 1208 animus
587 1161 841 1220 nondum;
871 1175 965 1208 nec
994 1160 1136 1207 cordi
1162 1160 1269 1207 fixa
1300 1158 1568 1207 voluntas:

227 1249 365 1298 Fusa
383 1251 521 1313 jacet
548 1253 744 1310 stratis,
779 1251 867 1299 ubi
898 1250 1152 1316 quondam
1181 1249 1381 1296 conscia
1410 1248 1584 1312 culpae

229 1339 443 1388 Lemnia
466 1348 734 1405 repserunt
768 1341 1016 1405 deprenso
1043 1341 1246 1390 vincula
1275 1341 1423 1388 furto.

230 1429 329 1478 Hic
360 1445 487 1494 puer
514 1448 543 1479 e
574 1432 724 1480 turba
750 1433 1036 1490 volucrum,
1072 1433 1150 1479 cui
1183 1432 1429 1496 plurimus
1458 1433 1589 1493 ignis

234 1519 363 1579 Ore,
391 1536 642 1585 manuque
667 1523 771 1572 levi
798 1537 1055 1586 nunquam
1083 1523 1325 1571 frustrata
1360 1524 1560 1584 sagitta,

233 1609 448 1672 Agmine
479 1611 543 1658 de
578 1612 775 1673 medio,
807 1620 982 1660 tenera
1014 1614 1085 1660 sic
1117 1612 1262 1659 dulce
1297 1613 1525 1677 profatus

233 1698 390 1748 Voce:
423 1700 720 1765 (pharetrati
746 1718 975 1767 pressere
1011 1703 1213 1751 silentia
1243 1703 1424 1751 fratres
1437 1704 1471 1769 z)

235 1789 343 1838 Scis
375 1798 458 1849 ut,
488 1798 679 1850 mater,
715 1793 818 1851 ait,
840 1794 979 1841 nulla
1006 1795 1133 1842 mihi
1164 1794 1381 1843 dextera
1415 1797 1582 1858 segnis

234 1880 439 1940 Militia3
474 1897 815 1947 quemcunque
850 1883 1111 1933 hominum
1138 1885 1413 1949 divumque
1449 1886 1651 1943 dedisti,

238 1969 435 2019 Uritur:
464 1980 518 2019 at
548 1973 754 2020 tandem
784 1973 1002 2021 lacrimis
1040 1983 1092 2021 et
1119 1976 1341 2039 supplice
1372 1976 1557 2023 dextra

237 2061 308 2110 Et
331 2064 466 2111 votis
496 2063 826 2127 precibusque
851 2066 952 2113 viri
985 2065 1201 2112 concede
1233 2067 1446 2123 moveri,
1646 2122 1650 2129 .

242 2150 285 2198 Ο
318 2153 562 2213 genitrix3
594 2152 719 2200 duro
754 2168 847 2201 nec
875 2155 1011 2202 enim
1041 2170 1111 2202 ex
1145 2155 1415 2204 adamante
1452 2155 1622 2212 creati,

242 2242 345 2290 Sed
372 2251 460 2289 tua
490 2243 637 2290 turba
670 2258 856 2292 sumus.
927 2247 1087 2294 clarus
1124 2247 1187 2295 de
1223 2255 1371 2310 gente
1405 2247 1588 2294 Latina

239 2332 335 2379 Est
356 2333 587 2394 juvenis,
616 2347 765 2396 quem
792 2335 1012 2396 patritiis
1044 2338 1318 2398 maJ'oribus
1354 2345 1519 2384 ortum

239 2423 487 2472 Nobilitas
517 2424 692 2484 gavisa
720 2424 858 2483 tulit;
887 2441 1228 2490 praesagaque
1264 2428 1456 2474 formae

240 2513 484 2560 Protenus
515 2528 543 2558 e
576 2521 749 2560 nostro
777 2517 948 2577 posuit
980 2519 1276 2578 cognomina
1309 2517 1460 2564 caelo.

243 2603 389 2651 Hunc
424 2611 622 2665 egomet
652 2611 759 2652 tota
794 2606 1047 2669 quondam
1078 2607 1192 2672 (tibi
1222 2607 1386 2670 dulce)
1417 2606 1654 2670 pharetra

244 2692 503 2757 Improbus
520 2726 534 2750 ‚
566 2701 619 2739 et
651 2694 808 2742 densa
838 2697 1175 2759 trepidantem
1206 2699 1411 2764 cuspide
1438 2699 1546 2746 fixi.

247 2782 488 2841 Quamvis
520 2782 758 2832 Ausoniis
787 2787 1001 2835 multum
1029 2805 1181 2851 gener
1208 2791 1293 2837 ille
1323 2791 1513 2853 petitus

245 2872 518 2928 Matribus‚
549 2871 752 2920 edomui
776 2877 964 2924 victum
984 2912 999 2935 ‚
1032 2879 1363 2944 dominaeque
1391 2880 1611 2943 potentis

246 2962 402 3010 Ferre
423 2962 626 3023 jugum,
655 2969 707 3008 et
736 2962 909 3024 longos
937 2967 1068 3027 jussi
1101 2984 1303 3031 sperare
1335 2985 1427 3032 per
1464 2984 1637 3016 annos-

250 3052 347 3101 Ast
371 3051 511 3098 illam
542 3065 738 3099 summa
764 3053 944 3101 leviter
979 3055 1072 3119 (sic
1098 3073 1313 3122 namque
1339 3059 1574 3120 jubebas)

346 3253 385 3281 v.
412 3244 467 3283 59'.
493 3253 594 3292 ναις.
617 3260 736 3284 ress-2.
784 3256 838 3284 60.
865 3261 989 3286 ιεςτο.
1039 3258 1096 3287 67.
1120 3263 1302 3294 qtoxmx.
1349 3259 1404 3290 68.
1431 3264 1558 3292 vmcu.

1643 3314 1682 3361 B
