2892 3840
1087 424 1668 479 Pansa-Ario.
2409 444 2525 485 xva

813 534 896 574 Seu
924 531 1107 574 tumu-
1128 543 1237 584 ιρι,
1266 545 1337 572 scu
1362 532 1536 574 Tin-ida
1563 533 1731 585 inpetu
1757 533 1859 572 nln-

811 590 859 630 ln
886 590 1067 630 dextr-un
1091 587 1273 627 tor-inm
1298 599 1431 641 squ-⁸.

258 655 377 710 Art».
414 656 564 708 Ated.
599 673 649 708 v.
681 659 764 706 69.

811 726 866 766 nt
891 730 1040 764 noer-te
1063 724 1204 775 pum,
1231 725 1300 776 qui
1328 724 1474 779 digeri.
1502 726 1638 765 onnu-
1657 728 1789 766 vinu»

256 795 342 846 Ad
374 794 531 845 Uxor.
569 809 620 844 v.
656 798 737 843 48.

810 863 865 903 Et
888 874 1119 915 quamquam
1143 862 1253 900 nevi
1276 861 1457 902 recerunt
1483 861 1673 902 Maon-d·
1698 864 1891 915 planetum

199 952 202 953 ν
256 920 340 970 Ad
373 920 590 969 Marcell.
623 935 674 970 v.
704 922 784 968 83.

809 1044 919 1082 Rura
944 987 1338 1078 tbiinepfftguqne
1363 991 1452 1023 tuto

253 1104 323 1152 Et
359 1103 469 1149 102.

1085 1175 1157 1206 nec
1183 1167 1288 1207 enim
1316 1164 1550 1219 Tirynthius
1583 1169 1708 1206 alme

808 1224 947 1264 Pectus
977 1225 1184 1263 amicitiae.

252 1288 392 1356 Quae
428 1294 616 1352 omnia,
649 1293 872 1357 (praeter
900 1290 1039 1339 istud
1069 1290 1273 1355 Epiced.
1306 1289 1507 1349 Phileti,
1543 1289 1608 1338 de
1640 1304 1739 1354 quo
1768 1304 1944 1338 omnes
1975 1297 2165 1357 tacent)
2201 1299 2368 1346 sumni
2398 1297 2504 1348 Viri

250 1365 536 1413 Gronovius
581 1370 634 1410 et
676 1361 945 1410 Gevartius
991 1360 1260 1407 sanissima
1305 1366 1512 1425 putant,
1558 1366 1611 1406 et
1658 1359 1914 1423 explicare
1962 1370 2217 1409 conantur.
2266 1380 2357 1426 ego
2400 1382 2503 1417 non

248 1448 458 1499 possum
485 1431 613 1479 mihi
644 1432 699 1479 in
742 1437 939 1478 tantum
980 1430 1265 1492 imponere3
1309 1428 1603 1492 simpliciter
1637 1428 1800 1476 fateor
1833 1443 1917 1476 me
1952 1443 2056 1476 non
2089 1431 2368 1494 intelligere
2402 1436 2503 1484 ista

249 1503 392 1549 loca.-
412 1500 548 1564 quod
580 1501 776 1548 utinam
824 1499 1049 1546 facerent
1082 1512 1258 1544 omnes
1298 1498 1383 1561 qui
1422 1496 1658 1544 Veterum
1703 1496 1978 1546 Auctorum
2022 1498 2286 1548 Editiones
2327 1517 2502 1565 procu-

246 1576 375 1618 rant.
412 1576 465 1615 et
499 1584 621 1616 sane
654 1568 819 1615 facere
854 1566 1067 1624 debent,
1113 1573 1166 1612 et
1206 1565 1453 1623 facerent,
1507 1566 1606 1612 nisi
1651 1565 1868 1629 puderet
1902 1567 2051 1614 fateri
2086 1583 2142 1614 se
2177 1568 2367 1632 aliquid
2400 1585 2501 1619 non

245 1637 539 1700 intelligere.
572 1652 671 1701 qua
699 1635 1101 1684 dissimulatione
1132 1634 1261 1681 nihil
1285 1634 1480 1682 Studiis
1516 1641 1596 1681 est
1627 1633 1933 1683 damnosius.
2003 1634 2135 1683 Hinc
2160 1638 2299 1684 enim
2320 1637 2501 1687 Lector

246 1720 351 1754 non
385 1706 514 1754 adeo
551 1705 779 1753 eruditus
814 1705 921 1768 (qui
949 1704 1119 1768 plures
1153 1709 1385 1762 numero)
1416 1717 1527 1750 cum
1563 1704 1618 1750 in
1653 1703 1754 1750 tale
1789 1703 1979 1768 aliquid
2011 1703 2263 1763 inciderit,
2301 1708 2500 1756 incusat

245 1777 409 1840 primo
444 1784 701 1840 stuporem
736 1788 909 1831 suum,
949 1788 1042 1836 per
1078 1787 1227 1837 quem
1269 1787 1373 1820 non
1412 1772 1649 1833 intelligit
1671 1771 1814 1836 *quod
1860 1782 2085 1820 caeteros
2131 1788 2307 1822 omnes
2352 1784 2499 1841 putat

244 1845 548 1906 intelligere3
582 1858 695 1892 cum
731 1851 903 1890 tamen
935 1842 1066 1888 forte
1101 1841 1352 1903 ejusmodi
1382 1842 1450 1889 sit
1482 1840 1615 1904 quod
1654 1855 1806 1887 nemo
1849 1856 2070 1906 unquam
2110 1849 2201 1890 aut
2241 1844 2498 1894 intellexit

244 1920 334 1960 aut
364 1913 709 1960 intellecturus
746 1920 837 1959 est.
874 1912 1045 1957 statim
1083 1911 1307 1974 sequitur
1345 1908 1664 1957 Iacer-titudo
1695 1910 1751 1955 in
1786 1909 2009 1970 Studiis3
2050 1918 2108 1958 et
2141 1911 2270 1960 hanc
2305 1914 2499 1979 excipit

241 1980 578 2046 Desperatum
614 1989 667 2027 et
699 1980 993 2037 novissime,
1031 1980 1335 2026 Contemtus.
1404 1978 1449 2025 F
1450 1978 1651 2025 ideliter
1687 1978 1839 2039 igitur
1870 1978 2091 2029 indicavi
2122 1981 2291 2041 (certe
2325 1981 2497 2046 volui)

243 2051 415 2098 omnia
463 2049 573 2096 loca
608 2049 672 2096 de
716 2049 895 2112 quibus
936 2048 1061 2095 mihi
1096 2063 1200 2094 non
1235 2047 1404 2111 liquet.
1441 2054 1494 2094 et
1523 2047 1776 2094 nonnullis
1810 2047 2066 2095 interdum
2101 2048 2231 2096 forte
2262 2049 2499 2114 opitulari

241 2132 463 2181 possem,
507 2119 607 2165 nisi
652 2118 881 2167 taederet
914 2117 1211 2178 conjecturis
1250 2115 1510 2177 indulgere
1542 2116 1598 2161 in
1630 2114 1752 2162 locis
1800 2131 1928 2179 quae
1969 2116 2129 2163 tribus
2172 2117 2257 2165 vel
2286 2126 2498 2182 quatuor

243 2186 409 2234 modis
436 2188 612 2248 refingi
642 2188 861 2250 possint:
899 2200 1011 2232 cum
1055 2201 1116 2232 ea
1150 2183 1257 2232 sola
1291 2199 1382 2247 pro
1421 2185 1569 2230 certis
1605 2182 1819 2232 habeam
1855 2184 1927 2231 ad
1962 2199 2090 2247 quae
2137 2200 2264 2232 unus
2299 2194 2495 2234 tantum

245 2262 324 2300 est
353 2255 534 2301 aditus.
597 2254 658 2302 Si
693 2255 813 2318 quid
849 2262 1021 2302 tamen
1060 2252 1350 2315 hujusmodi
1390 2252 1661 2309 incideret,
1707 2253 1795 2300 fidi
1830 2252 2055 2300 Editoris
2091 2261 2202 2300 erat
2232 2254 2496 2302 Lectorem

242 2335 475 2379 monere3
526 2337 620 2368 nec
661 2338 865 2369 monere
908 2323 1097 2378 solum,
1128 2321 1220 2368 sed
1257 2329 1309 2367 et
1353 2320 1636 2367 remedium
1676 2329 1898 2369 tentare:
1952 2337 2045 2368 nec
2085 2323 2219 2369 enim
2259 2323 2495 2371 ferendus

242 2398 378 2438 esset
402 2389 630 2436 Medicus
661 2391 744 2452 qui
774 2389 993 2450 Aegroto
1023 2398 1220 2437 tantum
1252 2389 1457 2446 diceret,
1485 2387 1740 2449 Aegrotas
1770 2407 1848 2447 es,
1880 2390 2068 2453 absque
2104 2391 2343 2438 ulteriore
2379 2406 2496 2439 cura

241 2468 331 2506 aut
370 2465 551 2505 conatu
596 2473 711 2504 eum
758 2457 984 2504 sanandi.
1073 2456 1291 2504 Tentavi
1333 2459 1510 2518 igitur:
1556 2465 1609 2503 et
1653 2459 1911 2505 interdum
1962 2459 2094 2507 forte
2138 2474 2318 2508 verum
2363 2459 2495 2516 vidi3

239 2528 458 2592 saepius,
490 2528 693 2589 opinor,
727 2525 947 2589 peccavi.

459 2595 539 2642 De
573 2595 685 2657 ipso
721 2595 883 2641 Statio
928 2594 1099 2639 omnia
1129 2600 1247 2638 sunt
1280 2592 1508 2652 vulgata:
1558 2607 1652 2638 nee
1696 2591 1968 2654 quidquam
2013 2595 2135 2641 novi
2171 2594 2349 2653 habui,
2395 2598 2492 2644 nisi

239 2672 296 2710 ut
320 2663 602 2710 refellerem
639 2665 926 2725 opinionem
963 2675 1258 2722 magnorum
1293 2661 1518 2707 virorum
1560 2661 1644 2722 qui
1680 2667 1907 2706 statuunt
1946 2677 2060 2708 eum
2105 2665 2296 2711 victum
2336 2666 2491 2712 fuisse

238 2733 295 2778 in
334 2731 510 2792 Agone
554 2730 838 2794 Capitolino
883 2732 939 2777 in
983 2730 1334 2776 commissione
1388 2727 1665 2775 Thebaidos
1707 2743 1856 2775 suae:
1910 2730 2045 2792 quod
2085 2746 2179 2778 nec
2223 2733 2491 2780 minimum

241 2799 696 2847 verisimilitudinis
730 2799 933 2856 habere,
966 2813 1059 2845 nec
1096 2798 1158 2845 ab
1193 2812 1366 2844 eorum
1397 2796 1721 2858 Argumentis
1751 2797 1971 2861 probari,
2005 2798 2160 2847 doceo
2197 2799 2263 2848 ad
2287 2800 2489 2865 Epiced.

239 2866 371 2914 Patr.
406 2882 456 2915 v.
493 2869 606 2914 231.
675 2868 755 2914 De
782 2866 1027 2932 Ἀκρισιά
1063 2874 1115 2912 et
1151 2866 1382 2923 Tumor-e,
1428 2881 1555 2930 quae
1590 2865 1752 2912 Statio
1787 2881 1938 2929 saepe
1975 2867 2293 2930 objiciuntur,
2327 2871 2491 2932 aptior

240 2936 337 2982 erit
368 2936 498 2982 alius
534 2935 747 2982 dicendo
780 2936 930 2983 locus.
1000 2933 1264 2982 Notandus
1302 2935 1464 2981 obiter
1506 2934 1602 2980 fuit
1646 2948 1818 2980 eorum
1857 2950 1994 2983 error
2040 2938 2125 3000 qui
2164 2937 2371 2983 Sellium
2401 2951 2490 2983 seu

235 3003 504 3068 Epirotam
550 3003 741 3050 faciunt
774 3002 946 3050 Nostri
988 3003 1215 3060 Patrem;
1260 3018 1371 3049 cum
1418 3003 1503 3049 ille
1538 3003 1688 3066 plane
1725 3003 1877 3049 fuerit
1916 3004 2309 3068 Neapolitaan
2353 3004 2489 3052 Gens

237 3086 360 3120 vero
397 3071 637 3136 Papinio,
675 3085 744 3117 ex
786 3069 924 3117 Velia
957 3071 1209 3117 Lucaniae
1246 3071 1446 3134 oppido.

442 3141 619 3188 Restat
654 3156 686 3187 a
721 3147 771 3186 te
812 3147 999 3203 petam,
1035 3138 1230 3194 Lector,
1266 3146 1321 3184 ut
1358 3140 1587 3199 ignoscas
1622 3138 1924 3199 longitudini
1959 3138 2230 3198 Nonarum,
2280 3143 2359 3189 cui
2399 3142 2489 3190 ali-

237 3210 432 3274 quoties
469 3210 598 3256 forte
634 3209 786 3255 nimis
830 3206 1019 3254 indulsi
1062 3206 1149 3252 ubi
1192 3221 1283 3269 per
1339 3221 1393 3252 se
1439 3207 1703 3270 perspicua
1743 3222 1824 3253 res
1872 3207 1981 3255 suit.
2086 3208 2251 3274 Atque
2294 3212 2487 3258 utinam

235 3277 604 3342 Exemplorum
643 3291 882 3325 numerus
929 3276 1100 3323 multis
1135 3275 1189 3322 in
1226 3275 1344 3321 locis
1388 3274 1837 3322 circumcideretur.
1910 3275 2011 3324 Sed
2051 3278 2179 3326 hanc
2214 3279 2487 3327 Garrulita-

1896 3359 1921 3389 c
