2892 3840
404 411 505 461 268

1222 408 1408 457 NOTAE
1444 421 1513 457 an
1547 406 1652 456 Lm.
1682 407 1759 456 ΠΙ.
1795 409 1841 455 2.

2519 431 2552 479 J
2568 428 2654 478 143]

1290 531 1638 581 ECLOG.
1705 532 1762 581 Π.

452 670 730 702 Pnorsnrrrcos
757 670 880 700 Μετιο
912 666 1074 704 cetuna]
1100 665 1154 697 lta
1179 665 1311 697 invenit
1335 665 1372 696 in
1395 664 1496 697 codi-

409 714 503 747 eibus
526 716 629 748 Rhod.
653 718 687 746 et
713 714 830 746 Salisb.
857 712 1070 753 Gronovius,
1095 721 1165 743 non
1193 715 1306 744 ΜΕΤΠ
1326 715 1492 743 ῦΕιΕΜε.

407 761 453 792 Et
474 760 524 793 ita
547 761 661 792 Editio
683 758 893 796 Parmensis3
935 758 1001 789 nisi
1025 758 1112 797 quod
1139 768 1203 798 pro
1239 765 1367 789 cunm
1392 758 1493 788 habet

408 814 553 839 cunas.
599 809 663 838 Pro
694 807 817 836 Murro
855 813 926 834 non
959 813 1042 844 opus
1067 806 1120 835 est
1146 806 1186 835 ut
1210 805 1361 844 legamus
1390 806 1494 834 MET-

407 860 489 890 Tlo;
534 861 608 883 cum
639 851 727 881 istud
763 850 799 881 in
823 850 1100 889 Inscriptionibus
1124 850 1272 889 antiquIs
1295 851 1492 889 frequenter

408 899 583 937 occurrat,
623 898 657 927 et
678 896 767 935 apud
790 898 960 927 Donatum
986 896 1052 927 Vit.
1076 896 1239 928 Terentii.
1285 895 1371 927 Vide
1404 897 1492 926 Gru-

408 946 514 975 terum
537 942 657 981 passim
682 941 717 972 in
740 951 861 981 magno
886 952 1001 981 opere.

453 998 481 1019 v.
506 990 538 1018 6.
623 988 765 1026 ,iuvenis
789 995 898 1020 numo
925 989 1152 1019 committitur
1174 994 1268 1018 Auro

495 1033 651 1073 Metius-J
698 1035 794 1065 Hanc
831 1034 1014 1065 lectionem
1044 1036 1160 1064 tuetur
1191 1032 1387 1065 Gronovius
1420 1033 1488 1063 Ob-

404 1087 493 1110 serv.
530 1081 584 1119 ll,
613 1082 666 1110 11.
704 1083 825 1111 contra
861 1090 918 1112 eos
949 1081 1006 1119 qui
1039 1081 1138 1110 alveo
1173 1080 1228 1110 vel
1254 1080 1335 1110 alno
1358 1080 1487 1119 legunt.

403 1126 643 1156 Percurramus
678 1133 740 1157 sex
778 1126 834 1156 vel
865 1130 993 1165 septem
1021 1134 1162 1165 versus,
1194 1128 1231 1156 ut
1256 1125 1375 1156 melius
1398 1124 1490 1163 J'udi-

404 1171 493 1202 cium
523 1172 680 1202 feramus.
730 1193 754 1214 „
765 1172 811 1203 D1
832 1173 888 1211 qui
915 1172 1070 1211 gaudetis
1092 1179 1202 1203 MAms
1229 1171 1380 1211 pericula
1403 1171 1490 1201 mul-

351 1247 365 1254 ,
403 1225 535 1258 „cere,
575 1217 715 1248 sternite
749 1226 871 1258 MARE3
916 1220 950 1249 et
985 1226 1084 1250 ΜΑηΕ
1118 1227 1188 1248 non
1214 1219 1385 1256 obstrepat
1413 1226 1489 1255 pre-

404 1263 539 1305 „canti.
587 1263 722 1295 Grande
756 1264 946 1302 depositum
970 1265 1085 1295 damus
1107 1266 1166 1294 tuo
1191 1271 1304 1304 sum,
1344 1265 1372 1294 O
1397 1264 1491 1301 Nep-

404 1311 540 1350 „tunez
591 1310 714 1350 quippe
747 1310 872 1341 Metius
917 1310 1135 1341 committitur
1167 1309 1267 1341 dubio
1300 1316 1410 1349 num,
1457 1309 1492 1338 et

404 1357 563 1396 „partem
595 1356 760 1394 majorem
783 1356 918 1388 animae
936 1365 1032 1388 meae
1054 1366 1156 1395 super
1181 1363 1280 1387 MARE
1304 1355 1490 1386 transferre

404 1422 427 1442 ‚‚
440 1405 547 1439 parat.
558 1402 579 1420 “
625 1403 781 1442 Dudum,
825 1402 972 1445 opinor,
999 1404 1113 1434 taedet
1137 1402 1289 1441 ingratae
1315 1401 1492 1442 repetitio-

403 1447 476 1478 nis:
499 1449 648 1479 levemus
674 1447 779 1488 igitur
803 1449 915 1488 aliqua
938 1452 1055 1490 parte,
1078 1448 1269 1489 scribendo,

681 1501 814 1525 numos
839 1498 1071 1526 committitur
1098 1501 1210 1525 Aon:

404 1544 602 1576 quamquam
636 1547 679 1568 ne
711 1538 760 1570 sic
797 1540 929 1578 quidem
962 1549 1095 1571 omnem
1115 1533 1347 1580 ταυτολογίας
1368 1544 1487 1575 repre-

402 1581 600 1614 hensionem
634 1584 763 1616 vitabit.
816 1586 954 1616 Ludunt
988 1586 1120 1625 quidem
1157 1587 1191 1615 et
1215 1582 1384 1614 interdum
1411 1583 1487 1621 plu-

397 1628 527 1659 ‘rimum
561 1628 623 1660 sibi
656 1631 855 1669 permittunt
886 1631 922 1662 in
959 1631 1009 1662 his
1047 1629 1309 1670 repetitionibus
1343 1631 1486 1667 poetae:

405 1675 550 1706 eundem
579 1684 663 1707 vero
701 1686 837 1707 sensum
869 1676 904 1708 in
930 1685 994 1707 sex
1021 1677 1174 1708 versibus
1200 1674 1367 1707 continuis
1392 1674 1488 1713 inge-

404 1729 505 1761 rere,
547 1731 679 1752 omnem
722 1723 871 1753 omnium
904 1732 1033 1754 morem
1066 1726 1100 1754 et
1128 1722 1298 1753 licentiam
1333 1722 1485 1758 superat.

404 1768 457 1797 lta
480 1775 563 1798 vero
588 1770 737 1799 nostrum
766 1768 962 1809 scripsisse,
993 1778 1063 1799 non
1087 1776 1201 1809 ALTO,
1238 1766 1363 1797 clarius
1389 1768 1486 1804 pate-

404 1812 454 1842 bit
485 1813 513 1843 si
546 1814 700 1844 conferas
732 1815 821 1845 hunc
857 1815 968 1845 locum
1007 1824 1083 1846 cum
1115 1814 1180 1845 isto
1205 1812 1294 1843 unde
1318 1813 1402 1843 haec
1429 1811 1487 1841 de-

405 1858 565 1897 sumpsit:
590 1859 618 1890 is
645 1863 696 1891 est
714 1861 833 1892 Horat.
855 1862 963 1891 Carni.
986 1863 1015 1902 1,
1042 1861 1073 1891 3.
1097 1859 1133 1890 in
1158 1858 1393 1898 Propemptico
1410 1857 1486 1888 Vir-

403 1902 495 1943 gilii:
520 1914 552 1936 v.
579 1907 611 1936 5.

581 1952 715 1990 NAvls,
740 1959 826 1989 qnae
853 1949 914 1981 tibi
940 1950 1104 1982 creditum

417 2022 437 2032 Δ,
525 2031 530 2036 q
621 1997 733 2027 Debes
754 1995 953 2038 Virgilium,
972 1996 1107 2035 finibus
1133 1995 1264 2028 Atticis

582 2041 722 2073 Reddas
745 2044 968 2084 incolumem,
992 2053 1134 2082 precor,

621 2089 666 2119 Et
692 2096 807 2119 serves
832 2089 964 2120 animae
988 2089 1159 2120 dimidium
1183 2086 1300 2118 meae!

404 2133 491 2164 idem
521 2134 574 2165 est
601 2143 640 2165 ac
664 2134 692 2164 si
719 2134 883 2174 dixisset,
922 2143 1013 2166 Arm-2
1042 2138 1101 2165 cui
1121 2141 1374 2166 eonnl'rrrrun
1404 2137 1489 2169 Vir.

401 2182 508 2221 gilius
543 2181 609 2210 etc.
646 2180 779 2218 reliqua
802 2182 938 2221 confer,
985 2181 1012 2211 si
1037 2183 1156 2212 vacat:
1183 2190 1244 2218 per
1270 2183 1373 2213 totam
1397 2184 1488 2214 enim

403 2226 489 2257 hanc
524 2226 689 2264 Eclogam
719 2226 854 2257 Horatii
887 2227 982 2257 Oden
1019 2230 1098 2257 ante
1134 2227 1252 2258 oculos
1275 2227 1391 2259 habuit
1415 2231 1487 2261 No-

404 2274 486 2303 ster.
522 2272 624 2302 Recte
649 2280 732 2302 vero
757 2273 880 2303 dubiae
903 2274 995 2304 alno.
1032 2272 1210 2316 Juvenalis
1235 2274 1305 2304 Sat.
1332 2275 1409 2317 ΧΠ,
1431 2278 1488 2308 31.

492 2316 671 2348 Alternum
691 2321 820 2357 puppis
845 2320 941 2350 latus
966 2316 1199 2350 evertentibus
1226 2321 1327 2351 undis

491 2363 653 2394 Aneonis
676 2369 868 2405 lxcnnTAE,

401 2407 468 2451 yid
490 2410 561 2447 est,
586 2410 713 2440 dubiae
735 2409 820 2440 alni.
868 2409 994 2441 Statius
1015 2410 1117 2440 Theb.
1147 2411 1195 2450 V,
1223 2410 1300 2441 370.

677 2462 857 2486 menn-mn
882 2464 945 2485 nec
965 2455 1043 2494 jam
1061 2458 1165 2494 prior
1188 2458 1337 2494 impetus
1369 2464 1477 2490 Amo.

403 2498 484 2531 Silv.
505 2499 570 2540 lV,
599 2501 629 2532 3.

496 2544 566 2576 Vix
585 2554 719 2584 passus
744 2553 873 2578 nunus
892 2547 996 2586 pra'ur
1027 2552 1194 2576 cAmxAs.

402 2591 502 2622 Theb.
530 2593 598 2632 IV,
621 2592 702 2622 224.

493 2638 592 2675 Quas
620 2637 727 2676 Iytos
755 2640 790 2666 et
812 2642 932 2666 nuans
959 2635 1080 2666 Malea
1111 2638 1227 2667 vitata
1254 2645 1408 2671 camnis.

402 2683 606 2714 Claudianus
630 2682 742 2713 Praei.
764 2680 835 2711 Lib.
860 2683 887 2712 1.
915 2681 956 2711 de
980 2683 1075 2720 Rapt.
1099 2682 1191 2712 Pros.

493 2730 564 2767 Qui
584 2736 705 2760 nunus
731 2735 840 2758 ausus
866 2730 1076 2758 committere
1091 2725 1243 2766 flatibus
1269 2730 1420 2761 Assum*

402 2774 437 2805 id
474 2776 525 2806 est
555 2775 694 2806 dubiam
726 2774 840 2804 alnum
878 2773 1086 2804 committere
1119 2773 1274 2814 flatibus,
1320 2777 1485 2808 translato

403 2820 571 2863 epitheto,
597 2821 637 2851 de
666 2829 730 2858 quo
761 2817 851 2848 alibi.
899 2818 1039 2849 Ovidius
1065 2820 1136 2849 Art.
1159 2821 1234 2849 Am.
1261 2821 1304 2859 11,
1331 2824 1408 2854 514.

492 2867 565 2898 Nee
585 2875 719 2906 semper
742 2871 874 2895 nunus
901 2864 1051 2902 (td-iuvat
1074 2874 1168 2895 aura
1193 2873 1324 2896 RATES.

399 2922 550 2952 puppem
577 2914 760 2945 timendam
783 2912 884 2941 vocat
909 2912 1033 2942 Noster
1052 2911 1170 2950 Eclog.
1196 2913 1252 2942 IV.
1273 2911 1371 2950 hujus
1394 2912 1484 2945 libri.

449 2968 480 2989 v,
505 2961 537 2989 9,
794 2962 970 2987 antennae
993 2958 1124 2998 gemino
1152 2957 1325 2988 consistite
1350 2962 1483 2999 cornu]

405 3004 457 3034 lta
483 3004 668 3036 editiones:
692 3003 842 3043 Romana
866 3006 978 3034 tamen
1001 3005 1155 3033 consite:
1188 3004 1379 3035 Parmensis
1404 3017 1487 3037 con«

407 3051 518 3081 sistite.
545 3053 649 3082 recte.
696 3047 858 3079 Horattus
885 3051 991 3080 serm.
1016 3051 1053 3089 1,
1081 3051 1112 3079 8.

495 3096 563 3127 Ast
584 3098 799 3135 importunas
824 3096 980 3126 volucres
1005 3097 1040 3125 in
1069 3095 1201 3125 vertice
1224 3097 1359 3126 arundo

500 3141 623 3171 Terret
635 3140 741 3181 fixa,
765 3146 926 3181 vetatque
949 3143 1048 3173 novis
1073 3140 1250 3172 considere
1274 3143 1311 3172 in
1337 3142 1462 3174 hortis.

409 3184 546 3215 Ovidius
568 3188 649 3216 Met.
676 3187 726 3225 ll,
754 3188 833 3217 632.

495 3230 593 3261 Inter
618 3239 701 3262 aves
728 3231 830 3263 albae
858 3233 970 3261 vetuit
993 3230 1170 3262 considere
1197 3240 1358 3262 corvum.-

1562 664 1623 696 ubi
1657 664 1774 696 eadem
1799 664 1989 705 scripturae
2014 663 2192 697 diversitas
2212 664 2250 697 in
2274 663 2462 700 codicibus.
2508 667 2644 701 Curtius

1562 713 1632 750 111,
1660 713 1690 742 1.
1717 711 1759 741 de
1786 713 1926 752 Marsya
1950 721 2068 744 amne:
2099 714 2227 753 quippe
2250 714 2420 745 tractuum
2444 718 2515 755 est,
2537 715 2644 755 Nym-

1557 756 1652 795 phas
1688 766 1807 788 amore
1841 760 1955 789 amnis
1992 762 2146 791 retentas
2179 760 2217 790 ὄπ
2253 759 2318 790 illa
2339 768 2424 799 rupe
2454 761 2639 793 considere.

1560 804 1689 834 Auctor
1713 804 1876 844 Panegyr.
1904 804 1946 835 ad
1972 805 2156 836 Messalam
2195 812 2227 835 v.
2257 806 2335 836 151.

1651 848 1743 879 Nam
1775 851 1988 893 circumfuso
2016 849 2160 881 considit
2185 853 2224 882 in
2250 851 2333 881 ae‘re
2358 850 2486 882 tellus-⁶

1560 894 1597 924 nt
1629 894 1716 924 bene
1749 896 1906 927 emendat
1936 896 2096 927 Heinsius
2121 905 2182 935 pro
2220 898 2394 929 consistit.
2429 895 2477 926 lta
2511 895 2642 927 inside-

1559 949 1599 970 re
1631 942 1741 971 ramis
1780 943 1867 980 apud
1901 943 2030 973 Lucan.
2056 944 2124 982 111,
2155 944 2236 974 407.
2260 942 2318 973 ubi
2342 943 2443 981 vulgo
2467 941 2642 973 insistere.

1557 985 1635 1016 vide
1661 986 1819 1019 Burman.
1846 988 1890 1019 ad
1917 988 2116 1025 Quintilian.
2161 987 2258 1020 Deci.
2283 988 2379 1030 xm,
2401 988 2436 1019 4.
2485 986 2643 1018 Subside-

1558 1041 1597 1062 re
1625 1035 1726 1064 vocat·
1757 1034 1849 1065 Idem
1884 1036 1932 1075 V,
1965 1037 2046 1066 226.
2081 1035 2123 1065 de
2158 1033 2280 1073 Appio.
2334 1037 2443 1066 versu
2487 1031 2643 1072 sequenti

1557 1086 1620 1117 pro
1643 1079 1738 1109 vobis
1763 1086 1961 1121 pontusque
1977 1081 2148 1122 polusque
2171 1080 2327 1121 Lucem,
2362 1080 2555 1119 Tiliobroga
2578 1087 2646 1110 no-

1563 1127 1616 1155 tat
1639 1123 1674 1155 iu
1699 1125 1813 1156 Veteri
1838 1127 1964 1158 codice
1988 1135 2062 1158 esse
2080 1125 2158 1166 fiat
2173 1132 2372 1167 pontusque
2396 1134 2542 1158 serenus
2569 1123 2643 1155 Lu-

1559 1174 1648 1201 ceat.
1694 1180 1759 1211 ego
1799 1172 1834 1202 in
1865 1173 1973 1204 Parm.
2011 1175 2046 1203 et
2080 1174 2174 1204 Rom.
2205 1172 2321 1203 inveni
2353 1177 2550 1213 pontusque
2577 1180 2646 1211 po-

1560 1216 1683 1256 lusque
1739 1226 1883 1249 serenus
1927 1218 2105 1250 Lueeat:‘
2151 1218 2240 1258 quod
2283 1218 2349 1250 isto
2394 1218 2501 1250 altero
2544 1215 2644 1248 meli·

1561 1271 1600 1292 us
1625 1263 1698 1299 est;
1747 1271 1817 1294 non
1844 1267 1956 1295 tamen
1982 1263 2104 1296 Statii:
2131 1264 2254 1304 quippe
2276 1273 2340 1295 nee
2362 1264 2439 1306 ille,
2465 1273 2528 1296 nee
2551 1262 2644 1302 quis-

1560 1317 1660 1347 quam
1683 1308 1791 1348 alius,
1833 1309 1977 1350 opinor,
2007 1315 2151 1350 pontum
2176 1317 2343 1342 sensuum
2366 1309 2500 1342 dixerit.
2547 1307 2643 1348 opti-

1559 1363 1615 1385 ma
1650 1356 1701 1384 est
1732 1355 1887 1394 vulgata:
1935 1355 2025 1387 unde
2061 1365 2143 1387 vero
2178 1364 2252 1387 eam
2275 1356 2469 1397 babuimus,
2510 1354 2639 1387 neseio.

1563 1400 1674 1439 [vobis
1706 1406 1903 1442 pontusque
1932 1403 2102 1443 polusque
2131 1400 2274 1433 Lucent-
2319 1404 2372 1433 Ita
2395 1402 2515 1434 venet.
2534 1403 2640 1432 recte.

1560 1446 1645 1477 Vide
1671 1447 1800 1487 Notas,
1823 1447 1879 1478 ubi
1904 1447 2018 1479 deleas
2041 1457 2126 1487 rogo
2150 1447 2233 1479 haec
2257 1448 2374 1480 decem
2394 1449 2518 1479 verba:
2542 1446 2642 1486 quip-

1559 1501 1602 1532 pe
1639 1500 1702 1522 nec
1736 1492 1817 1532 ille,
1859 1501 1922 1524 nec
1957 1494 2129 1533 quisquam
2155 1494 2265 1535 alius,
2314 1493 2458 1535 opinor,
2493 1497 2642 1534 pontum

1557 1544 1727 1568 snnzxim
1759 1538 1893 1569 dixerit.
1952 1540 2072 1571 Falsus
2096 1538 2166 1572 fui:
2202 1539 2362 1580 Virgilius
2386 1540 2476 1571 enim
2499 1537 2641 1571 Aeneid.

1555 1585 1593 1615 V.
1627 1583 1669 1614 ad
1710 1583 1766 1613 tin.
1803 1584 1903 1615 habet
1931 1586 2058 1627 pelago
2091 1594 2224 1617 sereno.
2260 1585 2346 1617 adeo
2372 1585 2483 1617 labilis
2509 1593 2565 1616 res
2591 1593 2640 1624 es,

1554 1628 1732 1661 Memoria.
1758 1628 1816 1659 Ex
1840 1631 1949 1670 Ano-J

1599 1684 1634 1706 v.
1663 1676 1716 1706 15.
1784 1676 1914 1707 Dicere
1957 1683 2050 1712 QUAE
2083 1676 2204 1716 magni
2227 1677 2297 1719 fas
2333 1678 2387 1708 sit
2415 1675 2501 1707 milet·
2520 1676 2639 1707 sidera

1549 1722 1677 1760 ponti-1
1741 1720 1809 1752 Vos
1846 1731 1995 1762 quoque,
2038 1722 2228 1758 Nereides,
2271 1729 2364 1759 QUAE
2397 1722 2483 1754 mili-a·
2494 1722 2564 1764 fas
2591 1723 2642 1752 sit

1555 1768 1668 1797 dicere
1696 1769 1800 1806 pontu·
1827 1769 1969 1809 sidera.-
2012 1767 2113 1798 immo
2150 1774 2265 1805 QUAS3
2306 1768 2354 1798 ita
2377 1767 2468 1799 enim
2490 1767 2640 1807 postulat

1555 1812 1800 1843 Grammatica:
1836 1815 1874 1843 ut
1913 1815 1948 1843 et
1975 1822 2056 1844 mox
2089 1822 2121 1844 v.
2159 1814 2212 1843 19.
2248 1816 2339 1845 ratic
2365 1821 2443 1850 ,αυΛ
2468 1814 2639 1845 scandere

1552 1859 1684 1899 gaudet
1710 1858 1828 1888 ceter:
1856 1858 1956 1889 immo
1983 1867 2090 1894 QUAM.
2134 1858 2295 1889 Horatius
2321 1862 2432 1891 carm.
2458 1861 2512 1902 11,
2539 1861 2591 1891 16.

1645 1903 1784 1934 scandit
1805 1909 1951 1937 aeratas
1975 1906 2108 1936 vitiosa
2131 1911 2247 1936 NAvns

1649 1950 1754 1981 Oura.

1555 1995 1706 2025 catullus
1751 1997 1860 2026 carm.
1908 1994 1978 2033 CH,
2025 1994 2242 2036 Pimplaeum
2280 1994 2444 2027 scandere
2475 2002 2639 2028 MONTE!-

1555 2040 1717 2080 Virgilius
1746 2043 1832 2072 Aen.
1857 2041 1909 2080 11,
1935 2041 2015 2072 237.

1832 2086 1971 2118 Scandit
1987 2086 2122 2129 fatalis
2146 2086 2311 2118 machina
2332 2095 2459 2119 muros·

1555 2133 1687 2164 Seneca
1712 2132 1846 2172 Hippoi.
1872 2141 1905 2163 v.
1933 2134 1966 2163 7.

2109 2177 2268 2209 Scandite
2292 2178 2400 2209 colles

1648 2223 1794 2263 Semper
1817 2232 1925 2254 canos
1957 2225 2037 2254 nive
2062 2223 2248 2263 Riphaea.-

1556 2271 1727 2300 8candere
1756 2279 1910 2309 puppem
1942 2269 2035 2300 Idem
2061 2270 2163 2301 Herc.
2191 2272 2271 2301 Fur.
2301 2278 2334 2300 v.
2357 2271 2434 2302 775.
2480 2269 2583 2310 Infra,
2604 2277 2637 2300 v.

1557 2317 1616 2346 26.
1643 2325 1705 2355 pro
1734 2314 1788 2346 Et
1803 2318 1942 2355 partite
1962 2317 2078 2356 vices,
2101 2317 2212 2347 Parm.
2238 2318 2273 2347 et
2295 2316 2389 2347 Rom.
2435 2315 2638 2356 Pan-&teque

1559 2363 1676 2398 vices,
1703 2361 1739 2391 id
1765 2365 1839 2400 est,
1862 2362 2102 2404 Partitaeque.
2130 2366 2240 2394 reete:
2264 2363 2298 2392 et
2319 2361 2367 2392 ita
2389 2360 2489 2394 edidi.

1603 2415 1637 2437 v.
1661 2407 1714 2438 30.
1772 2407 1854 2438 Sint
1900 2409 2022 2448 quibus
2067 2409 2229 2448 exploret
2262 2415 2365 2447 rupee
2399 2407 2533 2447 gram'e¹
2557 2410 2636 2437 arte

1558 2453 1763 2491 moloc-hus]
1814 2454 1890 2483 Non
1916 2462 2040 2492 operae
2061 2453 2203 2492 pretium
2242 2455 2295 2483 est
2323 2452 2516 2483 exscribere
2549 2460 2635 2489 quae

1556 2497 1760 2537 interpretes
1781 2497 1817 2528 in
1846 2498 2075 2530 difficillimum
2098 2499 2187 2530 hune
2209 2499 2318 2529 locum
2339 2497 2518 2529 commenti
2538 2499 2634 2529 sunt:

1555 2543 1697 2575 minimo
1737 2544 1873 2583 negotio
1916 2554 2023 2584 vagae
2066 2553 2183 2575 eorum
2223 2544 2446 2583 conjecturae
2477 2542 2637 2583 redargui

1555 2592 1719 2629 possunt,
1748 2591 1805 2620 sed
1830 2590 1912 2620 nihil
1932 2590 2066 2621 interim
2092 2591 2133 2620 de
2160 2598 2236 2620 meo
2265 2590 2387 2621 afferre
2413 2589 2522 2621 valeo.
2566 2591 2638 2620 Au-

1556 2636 1686 2666 diamus
1720 2637 1833 2666 tamen
1868 2635 1948 2675 quid
1985 2636 2026 2666 de
2059 2645 2102 2667 eo
2127 2638 2282 2667 Summus
2305 2636 2500 2667 Gronovius
2526 2634 2636 2666 Diatr.

1557 2691 1586 2712 c.
1608 2682 1731 2713 XXVI.
1784 2681 1963 2722 „Scripsit
1983 2681 2131 2721 Statius,
2170 2682 2280 2720 inquit
2303 2682 2380 2723 ille,
2419 2684 2494 2713 sint
2513 2682 2636 2723 quibus

1555 2729 1749 2768 „ea-ploret
1793 2728 1862 2757 lino
1899 2729 2022 2768 gravis
2069 2729 2145 2759 alta
2176 2729 2355 2767 molybdis.
2390 2727 2493 2759 dictio
2529 2736 2636 2768 rupes

1553 2781 1720 2814 „semper
1756 2775 1911 2811 suspecta
1942 2774 2027 2811 fuit3
2067 2783 2132 2804 nec
2155 2774 2245 2804 enim
2273 2782 2378 2814 rupes
2402 2775 2636 2815 explorantur,

1555 2819 1650 2860 „sed
1683 2818 1806 2849 fundus
1837 2818 1940 2850 maris
1975 2821 2008 2850 et
2031 2818 2135 2857 ipsius
2160 2819 2312 2852 altitudo.
2339 2829 2400 2859 pro
2431 2829 2472 2852 ea
2496 2821 2533 2851 in
2556 2820 2638 2851 Flo-

1554 2863 1722 2906 „rentino
1755 2863 1881 2904 legitur
1912 2867 2047 2904 primo.-
2089 2866 2150 2896 sed
2186 2866 2272 2897 hane
2311 2866 2433 2897 mutari
2463 2866 2574 2898 malim
2597 2865 2636 2896 in

1554 2911 1677 2951 „lino‚
1723 2919 1789 2948 quo
1822 2920 1869 2941 sc..
1907 2910 2070 2950 molybdis
2109 2912 2144 2942 in
2186 2920 2278 2943 mare
2303 2912 2499 2944 demittitur.
2541 2910 2635 2942 Arta

1555 2966 1651 2998 „pro
1676 2956 1752 2987 alta
1776 2956 1897 2987 deinde
1927 2963 2007 2988 arte
2037 2961 2226 2989 correctum
2251 2960 2313 2989 est.
2358 2957 2531 2990 vocarunt
2551 2955 2633 2988 olim

1556 3003 1850 3044 „instrumentum
1906 3003 1991 3034 mari
2036 3005 2246 3042 explorando
2286 3003 2496 3048 μολυβδίδα,
2553 3001 2632 3041 ⁸3¹1?ss

1556 3050 1761 3090 „plumbum
1792 3048 1935 3080 habebat
1965 3052 2114 3080 assutum
2148 3051 2182 3082 in
2209 3048 2404 3081 extremo-‘⁴
2447 3048 2540 3079 Haec
2567 3047 2631 3078 lile

1557 3103 1600 3125 ex
1636 3093 1793 3128 Salmasii
1826 3094 1931 3133 Epist.
1968 3098 2023 3127 88.
2054 3096 2164 3135 primo
2195 3096 2326 3136 quidem
2348 3092 2470 3125 intuitu
2497 3093 2632 3132 specio-

1557 3150 1615 3182 sa,
1645 3143 1679 3171 et
1702 3143 1890 3172 ceterorum
1923 3141 2061 3172 somniis
2083 3143 2183 3182 longe
2211 3140 2365 3176 saniora3
2406 3147 2491 3177 quae
2517 3140 2630 3172 tamen

1557 3189 1592 3219 et
1625 3187 1700 3226 ipsa
1737 3195 1881 3218 examen
1914 3188 2004 3218 ferre
2039 3196 2107 3218 non
2139 3188 2264 3218 valent.
2298 3184 2384 3223 elige
2417 3184 2503 3215 enim
2531 3195 2629 3224 quam

1555 3233 1608 3264 vis
1640 3233 1819 3264 verborum
1847 3232 2151 3271 constructionem3
2188 3232 2259 3262 sive
2279 3231 2385 3272 hanc,
2413 3233 2490 3263 sint
2508 3234 2630 3274 quibus
