2892 3840
922 420 1397 468 s112vnnu'm
1462 418 1731 467 L1'B.I,

231 546 538 596 Submittere
559 546 712 609 jugo?
738 546 913 597 veniet
932 547 1043 608 J'am
1073 546 1263 593 tristior
1297 552 1462 593 aetas:

228 636 427 684 Exerce
460 636 703 694 formam,
739 642 792 683 et
821 635 1129 698 filgientibus
1162 641 1305 682 utere
1338 633 1512 681 donis·

229 727 345 776 Non
375 726 494 775 ideo
523 726 619 774 tibi
648 726 749 774 tale
783 726 961 785 decus,
990 726 1261 789 vultusque
1298 723 1557 788 superboS,

230 816 411 881 Meque
447 815 591 874 dedi,
621 815 805 866 viduos
840 822 900 863 ut
924 816 1268 864 transmittare
1295 830 1386 878 per
1413 827 1574 861 annos

233 906 341 956 Ceu
372 922 476 954 non
503 922 618 955 cara
645 907 795 955 mihi:
825 908 974 965 satiS‚
1007 922 1062 966 o,
1102 907 1438 969 nimiumque,
1469 906 1662 969 priores

229 997 543 1062 Despexisse
568 1011 761 1058 procos.
834 1004 889 1043 at
922 996 1058 1042 enim
1090 995 1172 1043 hic
1206 995 1299 1042 tibi
1332 995 1573 1054 sanguine
1601 1000 1707 1041 toto

229 1087 476 1143 Deditus,
509 1100 663 1132 unam
694 1099 870 1132 omnes
896 1085 1030 1131 inter
1063 1084 1276 1130 miratur
1308 1089 1560 1145 amatque,

229 1175 334 1224 Nec
367 1175 586 1232 formae,
616 1188 710 1221 nec
741 1174 911 1238 stirpis
948 1188 1123 1235 egens:
1153 1187 1274 1219 nam
1304 1170 1452 1218 docta
1480 1184 1572 1233 per
1606 1169 1784 1216 urbem

231 1263 491 1323 Carmina,
525 1265 611 1328 qui
637 1265 880 1326 Juvenes,
909 1277 1036 1327 quae
1066 1277 1170 1309 non
1204 1261 1425 1309 didicere
1451 1258 1681 1325 puellae?

227 1352 375 1401 Hunc
411 1360 464 1400 et
494 1353 722 1401 bissenos
753 1354 847 1418 (sic
879 1352 1194 1414 indulgentia
1221 1357 1397 1415 pergat

229 1443 481 1491 Praesidis
514 1442 749 1507 Ausonii)
785 1456 958 1489 cernes
993 1441 1222 1489 attollere
1253 1440 1418 1488 fasces

230 1531 365 1580 Ante
401 1533 562 1580 diem:
591 1539 724 1579 certe
750 1529 863 1593 jam'
891 1544 1023 1577 nunc
1052 1528 1294 1591 Cybeleia
1326 1532 1473 1579 novit

229 1623 454 1681 Limina,
482 1629 535 1669 et
562 1622 815 1670 Euboicae
845 1636 1046 1669 carmen
1077 1621 1200 1683 legit
1230 1621 1315 1668 ille
1346 1621 1581 1682 Sibyllae.

229 1710 440 1778 Jamque
468 1727 652 1777 parens
679 1711 856 1759 Latius
888 1712 1048 1776 (cuius
1080 1726 1409 1776 praenoscere
1439 1718 1666 1759 mentem

230 1803 332 1852 Fas
358 1804 504 1868 mihi)
535 1818 812 1868 purpureos
847 1802 1074 1860 habitus,
1098 1803 1374 1866 juvenique
1418 1802 1586 1850 curule

230 1893 514 1955 Indulgebit
547 1893 693 1940 ebur:
725 1893 890 1940 Dacas
919 1893 1068 1956 (quae
1099 1893 1256 1953 gloria
1288 1892 1469 1955 maj0r)

230 1984 488 2042 Exuvias,
530 1984 794 2047 laurosque
830 1982 972 2030 dabit
1007 1982 1256 2030 celebrare
1290 1990 1531 2029 recentes.

233 2072 365 2133 Ergo
400 2088 517 2133 age,
541 2073 696 2134 Junge
727 2080 889 2130 toros,
918 2079 1067 2135 atque
1100 2073 1204 2118 otia
1239 2071 1385 2118 deme
1414 2072 1672 2133 Juventae.

236 2160 370 2219 Quas
395 2177 486 2223 ego
518 2177 623 2209 non
654 2170 875 2221 mentes,
908 2177 1036 2226 quae
1061 2177 1165 2209 non
1195 2163 1302 2210 face
1336 2162 1487 2209 corda
1513 2159 1724 2224 jugavi?

233 2250 461 2298 Alituum
494 2251 839 2315 pecudumque
873 2252 1025 2310 mihi,
1062 2252 1271 2316 durique
1306 2252 1529 2299 ferarum

234 2340 348 2389 Non
377 2355 588 2387 renuere
623 2356 820 2402 greges:
854 2342 1022 2405 ipsum
1050 2343 1105 2388 in
1132 2343 1379 2389 connubia
1411 2350 1576 2389 terrae

233 2430 481 2486 Aethera,
511 2445 622 2476 cum
649 2430 834 2493 pluviis
864 2438 1122 2477 rarescunt
1150 2430 1348 2486 nubila,
1386 2430 1553 2478 solvo:

235 2522 316 2570 Sic
350 2532 518 2568 rerum
551 2522 732 2577 series,
767 2521 1039 2584 mundique
1075 2522 1346 2569 revertitur
1381 2527 1535 2567 aetas.

234 2609 378 2659 Unde
407 2626 599 2660 novum
632 2610 811 2672 Trnjae
844 2610 1020 2668 decus,
1056 2610 1421 2673 ardentumque
1456 2610 1668 2657 deorum

235 2700 530 2763 Raptorem,
566 2700 783 2761 Phrygio
815 2702 860 2747 si
888 2715 991 2747 non
1024 2715 1114 2762 ego
1140 2701 1314 2762 jimcta
1350 2699 1566 2746 marito?

236 2789 430 2850 Lydius
462 2789 595 2835 unde
625 2803 765 2835 meos
794 2790 1030 2836 iterasset
1059 2789 1242 2850 Tybris
1278 2789 1438 2836 Iiilos‘!

237 2877 358 2936 Quis
391 2878 812 2941 septemgeminae
848 2880 1100 2940 posuisset
1133 2881 1333 2926 moenia
1368 2880 1560 2926 Romae

234 2967 436 3031 Imperii
463 2965 656 3013 Latiale
692 2966 865 3028 caput,
896 2967 995 3012 nisi
1025 2967 1264 3015 Dardana
1294 2970 1428 3015 furto

238 3055 468 3120 Cepisset
497 3055 736 3113 Martem,
771 3070 864 3101 nec
894 3069 974 3100 me
1004 3055 1328 3117 prohibente,
1361 3054 1623 3103 sacerdosfl

325 3256 353 3285 V
393 3257 466 3287 183.
489 3256 586 3294 vulg.
611 3261 758 3286 unx-ras.
808 3255 884 3286 189.
907 3255 1058 3285 Rip-roa
1082 3261 1189 3286 stu-r.

2380 992 2479 1037 170

2384 1435 2480 1481 175

2387 1881 2486 1926 180

2386 2329 2481 2374 185

2380 2777 2479 2821 190
