2892 3840
945 361 1637 443 sanAinum‘Lin.
1705 396 1762 444 Π.
2423 407 2495 457 ’49

1329 515 1408 565 ΠΙ.

677 645 1020 706 ARBOR
1092 648 1464 708 ATEDII
1537 649 2058 712 MELIORIS.

247 854 472 944 squar,
500 902 627 952 quae
660 889 950 955 perspicuas
980 884 1131 934 nitidi
1163 885 1387 934 Melioris
1422 897 1600 952 opacat

244 978 410 1029 Arbor
445 997 628 1047 aquas,
659 982 926 1047 complexa
957 979 1108 1027 lacus.
1179 995 1242 1027 ea
1272 981 1451 1029 robore
1484 982 1547 1031 ab
1577 985 1681 1031 imo

242 1066 494 1128 eun-vata,
523 1070 700 1118 enodis
733 1069 870 1117 redit
891 1066 1040 1123 inde,
1071 1069 1326 1115 cacumine
1356 1078 1493 1116 recto

237 1157 433 1218 Ardua;
466 1174 557 1207 ceu
585 1159 766 1208 mediis
798 1159 985 1205 iterum
1016 1162 1250 1202 nascatur
1281 1157 1345 1204 ab
1379 1156 1546 1215 undiS,

236 1246 402 1311 Atque
431 1247 625 1295 habitet
649 1248 870 1297 vitreum
905 1244 1070 1292 tacitis
1099 1243 1353 1292 radicibus
1381 1250 1614 1293 amnem.
2448 1263 2479 1308 5

236 1335 371 1395 Quid
400 1338 657 1387 Phoebum
686 1347 791 1386 tam
824 1351 986 1401 parva
1013 1334 1216 1397 rogem?
1248 1350 1343 1385 vos
1374 1336 1524 1384 dicite
1559 1349 1761 1385 caussas

234 1425 446 1485 Naides,
480 1435 533 1474 et
565 1428 736 1476 faciles
767 1427 914 1492 (satis
948 1424 1046 1488 est)
1079 1422 1197 1471 date
1231 1427 1454 1472 carmina
1479 1422 1658 1471 ⁴Fauni.

234 1514 583 1580 Nympharum
618 1524 821 1565 tenerae
847 1515 1107 1577 fugiebant
1133 1512 1272 1560 Pana
1305 1521 1560 1563 catervae:

230 1604 318 1650 Ille
347 1604 551 1668 quidem
583 1607 649 1664 it,
686 1612 886 1653 cunctas
922 1611 1160 1667 tanquam
1189 1603 1341 1660 velit,
1376 1605 1419 1650 it
1451 1610 1624 1652 tamen
1655 1618 1810 1654 unam

229 1691 288 1739 In
315 1692 549 1742 Pholoen.
619 1696 762 1745 silvis
797 1710 859 1743 ea
885 1692 1272 1756 fluminibusque
1301 1695 1554 1756 sequentis
1643 1754 1646 1755 ⁷
2409 1704 2474 1749 10

228 1779 373 1830 Nunc
406 1781 566 1830 hirtos
593 1799 818 1845 gressus,
847 1798 979 1831 nunc
1004 1782 1235 1846 improba
1265 1797 1451 1830 cornua
1474 1784 1620 1831 vitat.

226 1868 438 1936 Jamque
473 1879 525 1919 et
553 1872 845 1935 belligerum
872 1871 987 1920 Jani
1016 1884 1222 1928 nemus,
1258 1879 1463 1934 atraque
1490 1870 1610 1920 Caci

226 1958 385 2018 Rura,
418 1958 795 2026 Quirinalesque
831 1962 949 2023 fuga
982 1975 1226 2026 suspensa
1253 1978 1344 2026 per
1375 1978 1520 2024 agros

230 2049 428 2100 Coelica
455 2060 587 2101 tecta
615 2054 764 2102 subit.
832 2061 942 2101 tum
973 2054 1177 2102 demum
1205 2056 1341 2103 victa
1370 2054 1556 2114 labore,

228 2137 387 2187 Fessa
418 2148 584 2200 metu,
614 2157 712 2206 qua
745 2158 876 2190 nunc
909 2144 1093 2207 placidi
1128 2144 1350 2192 Melioris
1384 2146 1546 2209 aperti
2401 2156 2462 2199 15

228 2228 376 2276 Stant
403 2231 512 2277 sine
540 2231 716 2279 fraude
746 2233 901 2291 lares,
937 2234 1116 2281 fluidos
1150 2235 1349 2296 collegit
1382 2236 1596 2282 amictus

224 2316 450 2375 Arctius,
487 2325 539 2365 et
564 2321 745 2367 niveae
778 2323 948 2384 posuit
979 2337 1034 2368 se
1068 2325 1292 2383 margine
1326 2325 1481 2387 ripae.

179 2403 190 2418 ²
222 2406 502 2471 Insequitur
532 2409 688 2457 velox
719 2424 956 2472 pecorum
985 2411 1151 2468 Deus,
1189 2419 1241 2457 et
1269 2427 1360 2459 sua
1388 2411 1597 2465 credens

225 2493 510 2554 Connubia,
543 2496 740 2565 ardenti
759 2499 970 2560 Jamjam
1005 2502 1222 2562 suspiria
1254 2501 1403 2547 librat

224 2583 452 2643 Pectore,
474 2587 582 2648 Jam
613 2586 831 2650 praedae
864 2587 992 2636 levis
1027 2589 1270 2635 imminet.
1343 2605 1454 2636 ecce
1496 2590 1674 2637 citatos
2390 2595 2461 2641 20

224 2670 460 2721 Advertit
486 2674 653 2722 Diana
687 2675 894 2736 gradus,
929 2677 1050 2724 dum
1076 2695 1166 2742 per
1201 2679 1323 2740 Juga
1357 2670 1551 2743 se'ptem

223 2761 397 2819 Errat,
426 2760 803 2827 Aventinaeque
828 2765 949 2826 legit
976 2769 1191 2828 vestigia
1221 2784 1413 2817 cervae.

224 2850 478 2898 Poem‘tuit
503 2851 693 2900 vidisse
721 2852 912 2912 Deam3
940 2870 1276 2920 conversaque
1306 2856 1432 2905 fidas

224 2939 307 2987 Ad
342 2942 571 2988 comites:
602 2940 930 3004 Nunquamne
963 2946 1126 2993 avidis
1162 2947 1338 2993 arcebo
1374 2947 1565 3010 rapinis

315 3153 353 3182 v.
378 3153 411 3183 2.
435 3152 532 3192 Vulg.
556 3160 648 3188 qum
675 3153 805 3182 robore.
855 3154 885 3184 3.
913 3160 949 3183 ix
971 3160 1097 3183 sonos.
1148 3155 1220 3191 [10.
1246 3161 1313 3186 εΑς
1348 3154 1449 3184 antea
1483 3158 1588 3184 mc.
1614 3149 1704 3183 Illud
1732 3147 1867 3182 restitui
1895 3147 1994 3181 iussit
2016 3149 2246 3182 Marklandus.
2277 3159 2343 3184 ευ.
2370 3156 2454 3193 mm]

231 3208 284 3239 14.
308 3215 358 3240 xm
382 3207 524 3240 demum.
574 3213 626 3240 16.
650 3217 795 3240 unos.
846 3213 896 3241 18.
919 3218 1062 3241 cnssnrr.
1110 3212 1165 3241 22.
1188 3218 1342 3241 remus.
