2892 3840
995 414 1453 463 sinvsauu
1516 405 1678 457 Lim
1755 410 1812 459 m

293 525 541 576 Uberibus
567 529 756 590 stagnis
790 527 992 594 obliquo
1026 526 1247 593 pendula
1273 535 1448 577 trunco

292 616 521 675 Incubat,
552 626 702 682 atque
734 618 926 667 umbris
955 619 1149 666 tutatur
1174 617 1460 666 amantibus
1493 619 1669 669 undas.

293 703 475 770 Sperat
503 714 556 753 et
586 707 877 771 amplexum
909 706 1001 754 sed
1028 720 1271 771 aquarum
1302 707 1511 770 spiritus
1542 716 1693 766 arcet,

293 795 398 845 Nec
426 797 617 861 patitur
649 803 821 845 tactus.
892 794 1100 844 tandem
1134 795 1351 843 eluctata
1385 796 1478 843 sub
1510 812 1657 846 auras

292 882 527 932 Libratur
565 885 748 943 fundo,
780 898 1050 948 rursusque
1080 883 1243 931 enode
1277 898 1515 931 cacumen

292 972 555 1034 Ingeniosa
588 974 750 1031 levat,
783 974 943 1022 veluti
977 970 1251 1019 descendat
1283 972 1338 1016 in
1371 972 1501 1018 imos

294 1059 461 1124 Stirpe
489 1061 624 1108 lacus
656 1061 769 1108 alia.
832 1061 942 1120 Jam
974 1072 1068 1104 nec
1095 1057 1349 1105 Phoebeia
1375 1057 1497 1105 Na'is

294 1149 438 1207 Odit,
471 1157 524 1197 et
556 1149 788 1197 exclusos
817 1149 1003 1197 invitat
1036 1148 1230 1208 gurgite
1262 1155 1447 1194 ramos.

291 1237 431 1285 Haec
458 1238 577 1296 tibi,
606 1253 767 1303 parva
795 1236 1026 1302 quidem,
1056 1236 1278 1298 genitali·
1294 1235 1403 1284 luce
1433 1251 1668 1300 paramus

290 1326 465 1385 Dona,
498 1326 590 1375 sed
616 1328 808 1389 ingenti
838 1326 1010 1374 forsan
1040 1326 1237 1374 victura
1266 1325 1359 1373 sub
1396 1340 1543 1384 aevo,

289 1414 372 1463 Tu
386 1450 400 1474 ‚
429 1417 568 1478 cujus
594 1415 792 1480 placido
826 1429 1040 1480 posuere
1071 1414 1127 1460 in
1157 1421 1357 1478 pectore
1384 1413 1559 1462 sedem

292 1504 513 1553 Blandus
539 1504 741 1563 Honos,
775 1505 1046 1568 hilarisque
1081 1503 1275 1568 (tamen
1300 1517 1414 1551 cum
1437 1497 1684 1568 pondere)
1711 1503 1903 1555 Virtus:

294 1591 389 1641 Cui
418 1607 510 1641 nec
544 1595 686 1658 pigra
720 1594 888 1657 quies,
923 1607 1017 1640 nec
1047 1587 1227 1655 iniqua
1246 1594 1503 1656 potentia,
1527 1607 1622 1641 nec
1656 1607 1772 1660 spes

291 1683 546 1748 Improba3
577 1683 669 1731 sed
698 1683 897 1731 medius
924 1698 1015 1748 per
1042 1682 1283 1742 honesta,
1311 1690 1364 1730 et
1393 1682 1558 1731 dulcia
1589 1683 1759 1733 limes:

290 1771 576 1836 incorrupte
602 1772 752 1820 fidem
766 1806 781 1831 ‚
808 1773 1068 1837 nullosque
1107 1781 1318 1838 experte
1346 1774 1606 1832 tumultuS,

291 1863 361 1910 Et
388 1870 577 1910 secrete
608 1864 799 1928 palam:
833 1865 918 1927 qui
948 1863 1133 1926 digeris
1167 1864 1343 1912 ordine
1377 1867 1563 1923 vitam;

290 1950 431 1999 Idem
466 1953 576 1999 auri
605 1952 765 2000 facilis
794 1960 1131 2016 contemptor,
1163 1961 1215 2000 et
1247 1955 1466 2017 optimus
1494 1953 1633 2002 idem

293 2038 503 2089 Comere
524 2040 728 2089 divitias
741 2075 755 2100 ,
783 2042 1056 2106 opibusque
1088 2043 1362 2091 immittere
1389 2043 1565 2091 lucem.

292 2126 401 2176 Hac
431 2130 642 2192 longum?
669 2131 850 2179 florens
882 2132 1038 2179 animi
1066 2118 1362 2197 mniumque
1384 2135 1615 2196 juventa,

292 2218 466 2267 Iliacos
506 2234 720 2283 aequare
754 2235 924 2278 senes,
959 2229 1012 2268 et
1042 2223 1245 2270 vincere
1278 2231 1452 2287 persta

293 2306 429 2366 Quos
456 2315 600 2372 pater
631 2307 831 2368 Elysi0,
858 2311 1078 2370 genitrix
1107 2326 1230 2374 quos
1257 2311 1438 2360 detulit
1471 2325 1642 2360 annos

290 2396 401 2445 Hoc
433 2398 506 2445 illi
539 2393 690 2444 dur'as
722 2412 1000 2447 exoravere
1032 2414 1250 2447 sorores:

290 2484 426 2544 Hoc,
457 2500 584 2550 quae
616 2493 667 2532 te
694 2486 787 2534 sub
817 2494 973 2545 teste,
1008 2489 1160 2535 situm
1196 2489 1415 2550 fugitura
1448 2495 1696 2537 tacentem

294 2577 467 2626 Ardua
494 2579 799 2640 magnanimi
833 2580 1094 2628 revirescit
1119 2580 1276 2642 gloria
1299 2580 1477 2629 Blaesi.

389 2791 446 2828 [V.
469 2792 524 2822 55.
546 2794 865 2835 nffswn,4ntea
888 2800 1111 2826 senua-arcu.
1132 2802 1199 2827 ευ.
1222 2797 1307 2835 ma]
1355 2796 1411 2827 62.
1440 2795 1536 2836 ναις.
1563 2801 1716 2828 smum.
1762 2796 1816 2828 71.
1844 2801 2018 2827 οοκυειιε.

1598 3274 1706 3322 (32

2467 420 2531 471 5'1

2468 633 2530 678 55

2466 1966 2534 2010 ⁷0
