2892 3840
407 402 508 448 230

410 524 545 564 Midae,
570 522 753 564 Croesique
778 521 920 561 opibus,
948 525 982 551 et
1004 518 1146 549 Perside
1172 524 1274 556 gaza:
1298 513 1356 546 ubi
1378 513 1499 545 eadem

411 571 524 603 omnia
548 569 654 600 vides.
681 570 738 599 Ex
763 570 871 606 Ana]

456 626 488 648 v.
516 617 590 647 122.
643 616 771 645 Troica
793 620 828 644 et
849 611 1019 649 Euphrate
1044 617 1146 648 supra
1166 608 1369 639 diademata
1380 605 1497 648 felix]

411 665 464 695 lta
490 662 654 702 plurimae
672 661 865 694 Editione53
896 656 983 686 unde
1011 654 1203 686 Gronovius
1228 653 1338 685 Diatr.
1364 653 1401 682 C.
1421 651 1498 681 XX.

410 709 549 741 minimo
575 706 758 737 mutatione
789 703 872 742 legit
894 703 1145 732 Burnus-mss
1173 707 1290 731 sumu
1318 699 1498 731 diadema-

413 761 463 788 ta.
511 756 599 784 Bene
625 752 778 791 quidem;
804 748 860 779 sed
885 749 1003 778 contro
1027 755 1153 778 morem
1180 745 1290 779 Statii.
1323 745 1384 776 Ille
1407 743 1499 773 enim

412 801 552 841 primam
588 799 621 828 in
657 806 768 836 supra
802 794 907 825 semel
943 795 1099 835 tantum,
1154 793 1278 833 opinor
1312 813 1322 832 ‚
1355 789 1508 830 corripit,

408 847 511 878 Theb.
533 845 581 875 ix
596 866 605 884 ,
627 844 702 873 114.

632 896 764 926 corpus
783 894 966 923 atervam,
997 888 1199 926 circumque
1227 891 1396 923 supraque

514 935 695 966 Vertitur:

421 984 473 1014 Et
501 982 563 1012 hoc
596 989 641 1010 ex
678 977 866 1009 imitatione
896 975 1028 1015 Virgilii
1064 978 1148 1007 Aen.
1181 978 1262 1015 V11,
1308 975 1363 1006 32.
1400 975 1506 1016 magis

419 1037 515 1067 quam
537 1026 663 1066 judicio
689 1034 761 1056 suo.
788 1024 878 1054 unde
905 1022 940 1053 in
970 1022 1135 1054 Tiburtin.
1166 1022 1283 1053 nlanlii
1310 1030 1342 1051 v.
1369 1022 1426 1052 20.

506 1075 589 1112 Ipse
612 1072 733 1103 Amnis
760 1071 940 1110 (miranda
956 1067 1051 1108 fides
1059 1072 1070 1104 )
1098 1069 1270 1111 infraque
1292 1075 1461 1107 superque

508 1120 649 1151 saa-eus

417 1179 490 1201 cnm
517 1141 662 1197 obvium,
686 1163 777 1194 esset
811 1163 845 1192 et
869 1169 956 1200 pene
981 1160 1210 1191 necessarium
1238 1162 1274 1190 ut
1299 1159 1429 1190 diceret
1451 1160 1506 1189 in-

407 1218 544 1259 fraque
580 1219 777 1251 supraque,
821 1207 960 1244 vitavit,
1008 1211 1042 1238 et
1077 1217 1139 1246 pro
1178 1216 1219 1238 eo
1253 1205 1426 1237 substituit
1448 1214 1507 1236 su—

414 1269 556 1302 perque.
604 1257 812 1296 Legendum,

513 1305 642 1336 Troica
660 1308 695 1334 et·
720 1301 915 1340 Euphraten
942 1307 1044 1337 super
1072 1299 1270 1330 diademata
1286 1298 1408 1341 felix.-

419 1373 483 1404 quo
514 1364 614 1402 pacto
644 1361 772 1391 vitatur
810 1357 910 1388 etiam
944 1355 1157 1401 imbecillitas
1190 1357 1241 1386 tot
1275 1365 1396 1386 vocum
1420 1356 1454 1387 in
1479 1359 1508 1389 Α

417 1409 633 1446 exeuntium3
660 1406 891 1446 EuphrataeA
913 1410 1024 1441 suprA
1044 1403 1253 1433 diadematA.
1274 1403 1402 1433 Sensus
1420 1403 1506 1434 idem

419 1459 479 1488 est.
535 1455 647 1494 Super
681 1462 741 1492 pro
778 1452 898 1487 ultra,
940 1449 996 1479 vel
1030 1451 1143 1490 magis
1182 1458 1309 1488 quam;
1354 1450 1392 1479 ut
1424 1450 1506 1482 Silv..

417 1505 465 1534 111
511 1503 545 1532 ¹2.

478 1525 487 1543 '
514 1547 625 1586 Teque
652 1552 754 1582 super
777 1541 949 1579 reliquos,
975 1545 1007 1571 te
1034 1541 1153 1570 nostri
1175 1541 1306 1580 pignus
1331 1543 1473 1572 amoris.

421 1603 535 1635 Editio
560 1600 748 1634 Parmensis
774 1598 875 1629 habet
907 1596 1105 1635 Euphratis
1131 1605 1264 1635 supra:
1307 1605 1375 1627 non
1398 1599 1504 1628 male:

418 1651 479 1681 sed
507 1648 620 1680 verius
645 1650 696 1679 est
720 1645 810 1684 quod
835 1643 927 1680 dixi,
962 1645 995 1672 et
1027 1642 1131 1683 magis
1156 1642 1364 1683 Stathnum,
1390 1646 1505 1682 utpote

420 1695 623 1728 concitatius
657 1696 690 1724 et
723 1691 872 1730 Dactylis
909 1698 1058 1720 currens.
1115 1691 1224 1727 Saepe
1257 1693 1506 1721 commutantur

416 1744 480 1774 liae
505 1751 617 1773 voces.
645 1740 746 1770 Theb.
773 1738 816 1767 X.
848 1738 927 1767 787.

510 1788 716 1820 Concinitur
742 1784 842 1825 vulgo
870 1781 1031 1812 Cadmum
1059 1784 1164 1819 atque
1184 1778 1379 1819 Amphiona
1404 1789 1506 1819 supra

513 1835 700 1866 Conditor:

422 1883 537 1915 Codex
563 1876 732 1910 Petrensis
765 1874 850 1904 male
877 1873 976 1902 habet
1001 1879 1117 1909 super.
1166 1871 1275 1908 Supra
1300 1880 1361 1909 pro
1387 1870 1508 1901 blandi

418 1929 615 1967 delphines,
668 1921 847 1957 Heinsius,
890 1919 1059 1948 referente
1103 1917 1295 1946 Burmanno
1332 1916 1374 1947 ad
1407 1914 1503 1946 0vid,

414 1973 553 2007 Heroid-
580 1971 702 2008 XVlll,
725 1969 802 1998 131.
827 1966 860 1995 in
886 1974 946 1995 ora
970 1962 1094 1993 codicis
1117 1962 1168 1992 sui
1193 1964 1329 1993 notarat
1348 1962 1410 1993 hoc
1431 1962 1506 1992 loco

414 2021 593 2060 legendum
634 2025 707 2046 esse
747 2013 862 2052 ,pandi
902 2010 1086 2049 delphines.
1153 2009 1272 2039 Verius
1298 2010 1431 2044 blandi,
1473 2011 1506 2038 et

414 2068 521 2099 multo
566 2061 763 2101 elegantius.
806 2057 1012 2089 Claudianus
1047 2055 1088 2085 de
1124 2057 1168 2085 lV
1203 2057 1303 2085 Cons.
1341 2054 1504 2086 lionorii:

416 2118 510 2145 irent
543 2109 655 2142 blandi
690 2107 752 2138 sub
786 2105 934 2135 vincula
970 2105 1091 2142 tigres.
1147 2101 1237 2131 Dicit
1271 2103 1396 2133 Statius
1420 2101 1503 2131 Del-

418 2160 534 2200 phinus
568 2156 711 2187 blandos
737 2151 897 2182 ademare
923 2148 1095 2188 scopulis,
1137 2148 1322 2178 delectatos
1347 2150 1380 2178 et
1407 2146 1503 2186 quasi

415 2206 525 2237 Pollio
557 2202 753 2233 adulantes.
809 2196 948 2227 Ovidius
987 2196 1067 2227 Met.
1102 2193 1191 2224 XIV.
1227 2195 1305 2225 254.
1341 2194 1382 2224 de
1414 2193 1502 2232 lupis

419 2255 452 2284 et
474 2250 561 2282 ursis
586 2247 642 2286 qui
669 2246 766 2276 erant
788 2243 823 2273 in
848 2243 945 2273 domo
969 2241 1103 2271 Circes:
1273 2278 1281 2283 ·

509 2295 709 2335 Quinetiam
734 2290 872 2321 blandas
901 2298 1034 2319 movere
1053 2296 1119 2326 per
1143 2287 1231 2317 ae'ra
1254 2288 1385 2318 caudas

510 2344 713 2379 Nostraque
734 2337 910 2368 adulantes
936 2335 1103 2365 comitant
1125 2334 1282 2373 vestigia.

463 2408 495 2429 v.
526 2399 602 2430 124.
649 2396 726 2428 Non
764 2394 877 2434 leges,
924 2402 992 2422 non
1030 2395 1155 2421 eastra
1189 2392 1322 2429 tenent]
1351 2391 1423 2421 Nisi
1451 2392 1504 2422 in-

416 2446 548 2484 telligas
583 2440 859 2482 significationem
895 2438 988 2469 vocis
1028 2442 1162 2473 tenent,
1205 2437 1379 2467 miraberis
1419 2448 1503 2476 quo-

416 2493 515 2523 modo
539 2492 603 2522 hoc
629 2489 718 2519 inter
735 2487 852 2517 laudes
872 2484 968 2515 Pollii
995 2483 1151 2523 ponitur,
1179 2484 1269 2520 quod
1296 2483 1390 2514 illum
1414 2485 1503 2526 leges

416 2547 486 2569 non
511 2541 639 2570 tenent.
702 2534 834 2564 Tenent
857 2532 910 2562 hic
937 2530 1022 2560 idem
1049 2532 1100 2560 est
1120 2529 1206 2568 quod
1234 2531 1404 2570 detinent,
1450 2538 1504 2563 ιο-

414 2590 486 2615 tum
518 2586 589 2616 sibi
620 2582 769 2616 liabent,
819 2589 894 2609 eum
933 2578 1166 2607 admiratione
1198 2577 1256 2606 vel
1285 2581 1428 2616 stupore
1451 2579 1504 2609 de-

405 2628 525 2669 fixum
551 2635 586 2660 et
608 2628 771 2657 hiantem.
797 2626 869 2655 Val.
891 2624 1032 2655 Flaccus
1056 2625 1069 2652 1
1085 2645 1093 2658 ,
1125 2623 1203 2652 260.

504 2675 639 2718 §Illum
667 2683 730 2702 nec
756 2672 874 2702 valido
899 2671 1102 2708 spumantia
1124 2668 1257 2706 pocula
1279 2666 1421 2698 Baccho

508 2722 740 2756 Sollicitant;
765 2719 879 2748 veteri
902 2726 964 2746 nec
991 2714 1241 2752 conspicienda
1264 2714 1402 2744 metallo

508 2768 622 2808 Signa
646 2771 811 2795 TENENT:
857 2766 975 2801 stupet
999 2763 1036 2792 in
1064 2760 1233 2800 ducibus,
1279 2768 1504 2800 magnumque

634 2815 799 2841 sonantes

507 2859 667 2894 Haurit,
690 2862 726 2887 et
747 2853 920 2886 Herculeo
939 2853 1019 2895 fert
1045 2853 1198 2881 cominus
1223 2859 1288 2881 ora
1314 2850 1413 2881 leoni.

417 2917 537 2948 Cicero
577 2915 617 2945 de
654 2915 745 2944 Orat.
781 2914 808 2943 Ι.
853 2912 908 2941 61.
966 2909 1009 2940 In
1034 2910 1233 2949 eloquentia
1255 2913 1369 2938 autem
1394 2909 1505 2939 multa

418 2968 503 2994 sunt
535 2972 624 3002 quae
658 2959 808 2990 teneant.
841 2954 969 2987 Plinius
1002 2957 1079 2986 Nat.
1114 2954 1199 2986 Hist.
1226 2954 1355 2984 XXXV
1406 2955 1438 2986 9.
1463 2955 1503 2985 de

418 3009 625 3047 Apollodoro
671 3006 822 3045 pictore:
873 3012 982 3042 neque
1019 3007 1101 3032 ante
1134 3011 1208 3031 eum
1244 3001 1366 3031 tabula
1400 3001 1503 3032 ullius

419 3057 615 3086 ostenditur
639 3062 727 3092 quae
754 3051 867 3082 teneat
891 3049 1020 3079 oculos.
1058 3048 1186 3078 Passim
1214 3047 1380 3085 exempla.
1405 3049 1499 3078 Vers-

423 3101 497 3130 126.
556 3101 858 3140 indignantemque
888 3094 1015 3126 refellis
1047 3094 1252 3124 Fortunam.
1308 3093 1502 3131 Requiritur

418 3143 627 3182 participium
654 3145 741 3183 quod
766 3142 969 3182 respondeat
998 3139 1045 3181 τῷ
1072 3139 1277 3179 Exemptus.
1325 3140 1428 3182 Lege,

508 3190 694 3228 Exemptus
711 3192 830 3231 fatis,
854 3189 1155 3229 indignantemque
1180 3186 1339 3217 retellens

509 3233 710 3265 Fortunam.

1249 389 1438 438 NOTAE
1472 399 1542 435 Ao
1577 386 1683 434 Lm.
1711 386 1766 432 Il.
1804 387 1851 432 2.

2562 409 2662 458 994

1566 514 1634 544 Per
1666 518 1706 543 sc
1737 512 1840 551 patet,
1876 512 2068 543 Nonnullae
2096 512 2200 548 Editt.
2230 513 2356 547 habent
2391 518 2546 557 repellis.
2594 519 2662 552 Sed

1568 559 1707 599 probum
1747 558 1914 589 alterum:
1968 558 2057 596 quod
2099 561 2133 589 et
2173 560 2412 602 antiquissimis
2445 564 2660 597 Editionibus

1569 605 1796 637 confirmatur.
1843 603 2007 642 Virgilius
2035 606 2119 635 Aen.
2142 605 2211 646 lv,
2253 608 2331 638 380.
2358 618 2466 650 neque
2489 616 2522 642 te
2547 616 2659 650 teneo,

1567 661 1676 692 neque
1719 651 1818 681 dieta
1862 659 1899 680 re
1913 650 1991 680 ello,
2024 649 2186 681 lle-insius
2220 651 2263 682 ad
2298 654 2473 686 claudian.
2512 657 2658 696 Epithal.

1567 698 1651 730 Pall-
1672 697 1706 727 et
1734 697 1844 727 Celer.
1869 705 1900 726 v.
1930 696 1985 727 79.
2012 696 2142 727 mavult
2164 698 2332 736 repellis:
2357 702 2392 731 et
2415 700 2506 732 fovet
2530 704 2658 736 Statius

1566 744 1650 775 Silv.
1677 744 1728 783 V,
1766 744 1802 774 4.
1828 742 1919 774 ultro
1945 747 2003 778 te,
2037 751 2176 780 somne,
2208 744 2354 783 repellit.
2402 746 2576 788 Utcunque
2603 750 2659 788 sit,

1577 788 1764 829 requiritur
1786 787 2013 828 participium.

1627 837 1676 874 [v.
1706 836 1782 865 126.
1826 835 2130 875 indignantemque
2153 834 2289 877 refellis
2311 834 2522 878 Fortunam]
2560 839 2660 872 Edidi

1577 881 1769 924 refellens.-
1807 881 1926 912 Venet.
1958 880 2117 922 refelles,
2159 879 2283 912 smisso
2311 881 2409 921 apice
2439 883 2495 923 qui
2516 893 2621 924 ¹snper
2639 896 2658 918 ο

1578 927 1834 967 appingebatur.
1858 926 1911 956 Ex
1935 927 2044 965 Aoo]

1623 983 1656 1005 v.
1687 974 1762 1004 127.
1809 973 1924 1004 Domo
1951 982 2051 1013 quem
2080 980 2148 1002 non
2172 972 2209 1002 in
2235 973 2372 1005 turbine
2395 983 2512 1006 rerum

1668 1019 1868 1058 Deprendet
1895 1028 2060 1058 suprema
2085 1018 2173 1054 dies,
2197 1019 2260 1049 sed
2282 1020 2382 1052 abire
2402 1022 2572 1061 paratum]
2597 1021 2663 1060 Lo-

1576 1074 1635 1096 cus
1668 1066 1868 1103 mendosus3
1911 1065 2048 1095 attende
2080 1063 2168 1094 enim
2204 1065 2319 1097 sensui
2345 1069 2379 1097 et
2403 1067 2661 1100 constructioni.

1575 1122 1673 1152 quem
1708 1114 1744 1142 in
1780 1113 1883 1143 dubio
1909 1120 2025 1142 rerum
2051 1111 2192 1142 turbine
2219 1120 2382 1151 suprema
2408 1115 2484 1146 dies
2511 1124 2580 1146 non
2608 1115 2664 1146 de-

1570 1158 1741 1197 prendet,
1769 1165 1836 1189 SED
1864 1157 1961 1188 abire
1988 1158 2152 1196 paratum.
2178 1156 2365 1196 deprendet
2385 1161 2549 1196 QUALEM?
2588 1168 2661 1192 ma-

1575 1204 1696 1234 niresto
1731 1203 1825 1235 deest
1860 1202 1987 1242 aliquid
2020 1202 2111 1243 quod
2141 1205 2345 1244 respondeat
2379 1207 2457 1239 voci
2478 1211 2660 1247 paratum.

1574 1251 1667 1290 Lege

1669 1271 1679 1291 ²
1734 1295 1875 1325 Domum
1900 1303 1997 1335 quem
2022 1304 2091 1325 non
2113 1295 2150 1325 in
2174 1296 2312 1327 turbine
2333 1306 2450 1329 rerum

1667 1340 1867 1380 Deprendet
1892 1349 2057 1379 suprema
2081 1341 2179 1381 dies,
2211 1343 2273 1373 sed
2293 1343 2394 1375 abire
2417 1345 2591 1383 paratum:

1575 1388 1652 1418 Non
1687 1386 1839 1417 inveniet
1874 1394 2028 1426 nummu,
2069 1386 2129 1417 sed
2165 1393 2349 1419 unsrun.
2406 1390 2471 1421 Per
2495 1398 2531 1421 se
2555 1392 2659 1430 patet.

1575 1433 1645 1464 scio
1680 1442 1795 1467 vocem
1836 1434 2046 1472 deprendere
2081 1433 2233 1464 absolute
2267 1434 2448 1474 aliquando
2484 1436 2570 1466 sumi
2598 1444 2660 1474 pro

1574 1489 1615 1510 eo
1654 1480 1741 1517 quod
1777 1481 1828 1509 est
1863 1481 2075 1518 imparatum
2100 1481 2282 1520 invenire,
2314 1481 2518 1522 inopinanti
2541 1491 2664 1521 cuper-

1573 1527 1714 1558 venire:
1759 1525 1819 1555 sed
1850 1525 2024 1564 oppositio
2058 1524 2112 1556 hic
2148 1527 2297 1565 postulat
2316 1529 2353 1558 ut
2375 1528 2527 1568 legamus
2551 1527 2600 1559 itu
2623 1529 2661 1558 ut

1574 1571 1676 1602 edidi.

1621 1626 1653 1648 v.
1682 1616 1757 1648 132.
1805 1614 2037 1656 Humanoque
2060 1623 2197 1647 ommis
2221 1618 2333 1657 rides]
2377 1619 2533 1651 Humano
2569 1629 2661 1660 gau-

1575 1664 1651 1704 dia,
1680 1663 1700 1692 i.
1726 1670 1754 1691 e.
1787 1670 1842 1691 res
1868 1661 1987 1699 quibus
2009 1661 2162 1693 homines
2189 1663 2404 1695 delectantur
2428 1667 2462 1696 et
2482 1666 2659 1707 gaudent:

1575 1712 1612 1739 ut
1650 1713 1787 1741 timores
1815 1709 1884 1747 Ill,
1926 1709 1959 1738 2.
1983 1716 2038 1738 res
2060 1717 2121 1747 pro
2154 1709 2272 1748 quibus
2296 1713 2479 1742 timemus.-
2522 1721 2658 1743 amores

1576 1758 1647 1795 111,
1692 1757 1722 1786 5.
1746 1762 1802 1784 res
1836 1762 1919 1791 quas
1942 1763 2110 1786 amamus.
2158 1756 2203 1786 Et
2230 1756 2293 1787 hoc
2321 1757 2452 1795 quidem
2477 1760 2577 1796 pacto
2598 1767 2660 1788 cx-

1578 1802 1684 1840 surgit
1719 1808 1838 1829 sensus
1873 1799 2038 1837 optimus:
2082 1801 2141 1831 sed
2175 1803 2281 1840 majus
2314 1803 2440 1842 aliquid
2473 1813 2493 1834 a
2518 1803 2659 1843 Papinio

1577 1850 1742 1885 expecto,
1767 1846 1839 1876 scil.
1863 1844 2084 1885 humanaque
2109 1854 2269 1878 GRANmA
2294 1850 2409 1881 ridee:
2444 1859 2543 1881 omne
2570 1850 2657 1882 istud

1577 1894 1663 1931 quod
1705 1900 1767 1922 nos
1802 1899 1948 1921 usuum}
1987 1900 2158 1923 vocamus.
2213 1895 2359 1933 Egregie
2393 1897 2524 1927 Seneca
2549 1897 2658 1928 Praef.

1576 1941 1654 1970 Nat.
1684 1939 1820 1974 Quaest.
1883 1937 1979 1967 Tunc
2008 1937 2118 1976 juvat
2148 1941 2239 1970 inter
2269 1942 2389 1972 sidera
2423 1944 2506 1981 ipsa
2527 1951 2660 1983 vagan-

1576 1991 1664 2024 tem,
1709 1985 1853 2014 divitum
1881 1985 2083 2022 pavimenta
2110 1987 2242 2026 ridere,
2285 1993 2317 2018 et
2342 1992 2452 2018 totam
2472 1998 2548 2019 cum
2571 1998 2660 2020 auro

1576 2041 1638 2062 suo
1664 2036 1796 2062 terram
1823 2033 1888 2060 etc.
1938 2029 2020 2060 Vide
2045 2031 2178 2062 locum:
2212 2035 2247 2063 et
2269 2034 2405 2064 consol.
2430 2034 2472 2065 ad
2496 2034 2662 2066 Marcium

1574 2081 1610 2110 C.
1644 2077 1770 2107 XXIII.
1805 2075 1899 2106 Pleni
1933 2075 1983 2106 his
2016 2079 2094 2107 sunt
2125 2079 2305 2110 Moralium
2331 2080 2533 2119 Scriptores.
2580 2081 2660 2112 lmi-

1573 2127 1664 2155 tatur
1689 2122 1878 2153 Lucretium
1905 2121 1976 2152 init.
2004 2123 2074 2154 Lib.
2098 2126 2140 2154 11.

1618 2179 1648 2200 v.
1690 2171 1765 2201 137.
1809 2169 2006 2209 Plcctrique
2043 2179 2158 2201 errore
2189 2173 2374 2211 superbus]
2397 2173 2566 2204 Plectrum
2590 2173 2662 2204 ele-

1572 2220 1693 2256 ganter
1717 2214 1782 2246 dici
1807 2217 1918 2254 potest
1949 2225 2096 2256 errare,
2135 2226 2208 2247 cum
2235 2218 2327 2255 lyrae
2355 2219 2496 2250 chordas
2520 2228 2659 2258 percur-

1571 2264 1627 2294 rit.
1687 2262 1813 2292 Eodem
1865 2269 1966 2291 sensu
2001 2261 2124 2301 digitus
2156 2273 2283 2295 errans
2314 2266 2404 2304 opud
2438 2265 2658 2297 Claudianum

1574 2309 1744 2341 Consulat.
1777 2308 1870 2339 Mau.
1897 2307 2019 2338 Theod.
2049 2318 2078 2339 v.
2109 2310 2185 2341 327.

1664 2355 1873 2385 Innumeras
1902 2364 2001 2385 voces
2028 2357 2154 2396 segetis
2177 2356 2374 2387 moderatus
2398 2356 2532 2388 alienae

1664 2401 1808 2431 Intouet
1831 2401 1957 2431 erranti
1986 2400 2101 2440 digito.

1573 2447 1618 2477 Et
1641 2451 1793 2478 nostrum
1818 2447 1900 2479 Silv.
1922 2449 1962 2486 V,
1993 2449 2023 2478 5.

1895 2494 2020 2533 ignavo
2040 2491 2165 2532 pollice
2189 2490 2337 2523 chordas

1665 2538 1794 2570 Pulso:
1819 2539 1881 2569 sed
1901 2541 2071 2569 incertum
2095 2536 2208 2576 digitis
2233 2536 2422 2568 errantibus
2445 2546 2566 2570 amem

1667 2585 1796 2615 scindo
1826 2584 1959 2623 chelyn.

1574 2629 1608 2661 Si
1638 2629 1740 2669 igitur
1768 2630 1816 2660 sic
1839 2628 2014 2668 scripserit
2041 2627 2188 2669 Statius,
2220 2628 2301 2660 dicit
2329 2627 2470 2659 Pollium
2497 2627 2576 2659 olim
2600 2637 2657 2660 su-

1572 2677 1710 2713 perbum
1752 2676 1858 2706 fuisse
1891 2685 2012 2707 erroro
2045 2674 2174 2713 plectri.
2228 2674 2329 2714 Atqui
2365 2674 2529 2716 primum,
2578 2674 2658 2707 lieet

1572 2730 1642 2752 non
1677 2731 1794 2761 negem
1829 2724 1921 2752 recte
1958 2719 2024 2753 dici
2060 2729 2158 2759 posse
2183 2721 2349 2759 plectrum
2373 2730 2499 2752 errare
2521 2721 2656 2760 quaudo

1573 2767 1714 2798 chordas
1741 2768 1928 2809 percurrit,
1971 2776 2039 2799 non
2066 2770 2178 2797 tamen
2203 2776 2337 2807 possum
2366 2767 2552 2799 concedere
2569 2767 2656 2800 hnic

1569 2815 1834 2854 perc-ursionem
1866 2816 1959 2846 recte
1997 2812 2062 2844 dici
2093 2821 2193 2852 posse
2225 2823 2378 2845 errorem
2407 2814 2549 2854 plectri,
2587 2812 2656 2845 niul

1575 2861 1731 2899 exempla
1751 2860 1886 2899 hujusce
1907 2870 1984 2891 usus
2004 2860 2228 2899 proferantur.
2252 2860 2384 2899 Quippe
2406 2859 2570 2900 Analogia
2587 2868 2657 2892 non

1575 2906 1657 2937 satis
1679 2909 1729 2937 est
1751 2907 1824 2937 sine
1845 2906 2045 2938 testimoniis
2068 2909 2102 2937 et
2124 2906 2361 2938 autoritatibus
2383 2916 2477 2937 usum
2495 2906 2655 2945 phraseos

1575 2953 1858 2983 confirmantibus.
1898 2954 1982 2984 Vide
2012 2962 2097 2992 quae
2127 2953 2197 2984 dixi
2215 2963 2317 2992 supra
2337 2953 2378 2983 ad
2397 2951 2540 2991 Epithni.
2559 2951 2655 2983 stell.

1574 3007 1606 3029 v.
1629 3001 1684 3030 45.
1706 3002 1740 3029 et
1764 3009 1849 3037 quae
1875 2999 1950 3031 dico
1973 3000 2013 3030 ad
2038 2998 2174 3038 Epiced.
2201 2999 2237 3030 in
2260 3001 2347 3030 Patr.
2372 3007 2404 3029 v.
2431 2998 2488 3029 92.
2533 2996 2601 3028 Sed
2621 2998 2655 3028 et

1571 3045 1598 3075 si
1625 3046 2008 3087 concedamusPhrasin,
2035 3046 2353 3076 nensuitamennon
2365 3042 2567 3074 satisfactum
2578 3042 2654 3074 erit.

1569 3093 1714 3123 Stultum
1739 3092 1826 3122 enim
1849 3094 1882 3122 et
1907 3092 2083 3124 ridiculum
2102 3093 2228 3123 faceret
2249 3090 2389 3122 Pollium
2409 3088 2436 3118 si
2450 3088 2655 3120 describeret

1570 3147 1646 3168 eum
1670 3140 1847 3177 superbum
1860 3149 1978 3170 errore
1994 3139 2128 3178 plectri
2140 3136 2350 3176 simpliciter:
2371 3143 2472 3165 error
2482 3134 2569 3165 enim
2578 3135 2655 3174 ple-

1572 3186 1642 3215 ctri
1664 3185 1770 3215 cuivis
1793 3185 1955 3225 contigit,
1979 3185 2078 3216 etiam
2096 3179 2262 3227 ἀμούσῳ,
2282 3184 2316 3212 et
2338 3180 2387 3211 illi
2410 3181 2466 3219 qui
2490 3181 2595 3220 lyram
2619 3180 2654 3211 in

1571 3239 1690 3261 manus
1725 3230 1868 3269 primum
1891 3230 2011 3271 sumit,
2055 3233 2089 3260 et
2119 3228 2259 3260 chorda·
2285 3228 2394 3260 tentat
2418 3230 2452 3258 et
2477 3226 2658 3267 percurrit.
