<?xml version="1.0" encoding="UTF-8"?>
<!DOCTYPE html PUBLIC "-//W3C//DTD XHTML 1.0 Transitional//EN"
    "http://www.w3.org/TR/xhtml1/DTD/xhtml1-transitional.dtd">
<html xmlns="http://www.w3.org/1999/xhtml" xml:lang="en" lang="en">
 <head>
  <title>
</title>
<meta http-equiv="Content-Type" content="text/html;charset=utf-8" />
  <meta name='ocr-system' content='tesseract 3.04.00' />
  <meta name='ocr-capabilities' content='ocr_page ocr_carea ocr_par ocr_line ocrx_word'/>
</head>
<body>
  <div class='ocr_page' id='page_1' title='image "./ppapiniistatiili00statuoft_0016.png"; bbox 0 0 2892 3840; ppageno 0'>
   <div class='ocr_carea' id='block_1_1' title="bbox 366 407 1756 461">
    <p class='ocr_par' dir='ltr' id='par_1_1' title="bbox 366 407 1756 461">
     <span class='ocr_line' id='line_1_1' title="bbox 366 407 1756 461; baseline -0.006 0"><span class='ocrx_word' id='word_1_1' title='bbox 366 427 408 461; x_wconf 82' lang='lat' dir='ltr'><strong>x</strong></span> <span class='ocrx_word' id='word_1_2' title='bbox 1215 407 1756 456; x_wconf 70' lang='lat' dir='ltr'><strong>PRAEFATJO.</strong></span> 
     </span>
    </p>
   </div>
   <div class='ocr_carea' id='block_1_2' title="bbox 367 504 2609 641">
    <p class='ocr_par' dir='ltr' id='par_1_2' title="bbox 367 504 2609 641">
     <span class='ocr_line' id='line_1_2' title="bbox 367 504 2609 573; baseline -0.002 -13"><span class='ocrx_word' id='word_1_3' title='bbox 367 511 506 560; x_wconf 87' lang='lat' dir='ltr'>Fast.</span> <span class='ocrx_word' id='word_1_4' title='bbox 550 508 612 568; x_wconf 88' lang='lat' dir='ltr'>V,</span> <span class='ocrx_word' id='word_1_5' title='bbox 654 511 756 559; x_wconf 78' lang='lat'>205</span> <span class='ocrx_word' id='word_1_6' title='bbox 814 508 1029 572; x_wconf 68' lang='lat' dir='ltr'>gurgite</span> <span class='ocrx_word' id='word_1_7' title='bbox 1071 513 1123 554; x_wconf 85' lang='lat' dir='ltr'>et</span> <span class='ocrx_word' id='word_1_8' title='bbox 1166 504 1317 555; x_wconf 75' lang='lat' dir='ltr'>litore</span> <span class='ocrx_word' id='word_1_9' title='bbox 1363 504 1642 556; x_wconf 88' lang='lat' dir='ltr'>Claudiano</span> <span class='ocrx_word' id='word_1_10' title='bbox 1683 506 1754 571; x_wconf 25' lang='lat' dir='ltr'>in·</span> <span class='ocrx_word' id='word_1_11' title='bbox 1783 506 1943 555; x_wconf 84' lang='lat' dir='ltr'>Rufin.</span> <span class='ocrx_word' id='word_1_12' title='bbox 1990 505 2029 566; x_wconf 82' lang='lat'>1,</span> <span class='ocrx_word' id='word_1_13' title='bbox 2080 508 2190 555; x_wconf 83' lang='lat'><strong>186.</strong></span> <span class='ocrx_word' id='word_1_14' title='bbox 2233 505 2398 556; x_wconf 70' lang='lat' dir='ltr'>omine</span> <span class='ocrx_word' id='word_1_15' title='bbox 2439 514 2491 555; x_wconf 87' lang='lat' dir='ltr'>et</span> <span class='ocrx_word' id='word_1_16' title='bbox 2518 521 2609 573; x_wconf 84' lang='lat' dir='ltr'>pe-</span> 
     </span>
     <span class='ocr_line' id='line_1_3' title="bbox 369 574 2406 641; baseline -0.002 -13"><span class='ocrx_word' id='word_1_17' title='bbox 369 586 511 629; x_wconf 80' lang='lat' dir='ltr'>ctore</span> <span class='ocrx_word' id='word_1_18' title='bbox 545 576 746 627; x_wconf 86' lang='lat' dir='ltr'>Catullo</span> <span class='ocrx_word' id='word_1_19' title='bbox 792 577 858 626; x_wconf 91' lang='lat' dir='ltr'>de</span> <span class='ocrx_word' id='word_1_20' title='bbox 892 577 1043 641; x_wconf 89' lang='lat' dir='ltr'>Nupt.</span> <span class='ocrx_word' id='word_1_21' title='bbox 1073 574 1174 623; x_wconf 84' lang='lat' dir='ltr'>Pel.</span> <span class='ocrx_word' id='word_1_22' title='bbox 1205 583 1258 622; x_wconf 91' lang='lat' dir='ltr'>et</span> <span class='ocrx_word' id='word_1_23' title='bbox 1294 574 1438 623; x_wconf 84' lang='lat' dir='ltr'>Thet.</span> <span class='ocrx_word' id='word_1_24' title='bbox 1470 574 1538 623; x_wconf 91' lang='lat' dir='ltr'>ad</span> <span class='ocrx_word' id='word_1_25' title='bbox 1571 576 1738 623; x_wconf 89' lang='lat' dir='ltr'>finem.</span> <span class='ocrx_word' id='word_1_26' title='bbox 1805 574 1911 623; x_wconf 88' lang='lat' dir='ltr'>Val.</span> <span class='ocrx_word' id='word_1_27' title='bbox 1950 574 2158 624; x_wconf 82' lang='lat' dir='ltr'><strong>Flaccus</strong></span> <span class='ocrx_word' id='word_1_28' title='bbox 2193 575 2253 636; x_wconf 89' lang='grc' dir='ltr'>Π,</span> <span class='ocrx_word' id='word_1_29' title='bbox 2289 577 2406 624; x_wconf 85' lang='grc'><strong>324.</strong></span> 
     </span>
    </p>
   </div>
   <div class='ocr_carea' id='block_1_3' title="bbox 923 654 2073 763">
    <p class='ocr_par' dir='ltr' id='par_1_3' title="bbox 923 654 2073 763">
     <span class='ocr_line' id='line_1_4' title="bbox 1197 654 2073 710; baseline 0.002 -16"><span class='ocrx_word' id='word_1_30' title='bbox 1197 654 1330 694; x_wconf 81' lang='lat' dir='ltr'>Venus</span> <span class='ocrx_word' id='word_1_31' title='bbox 1357 656 1442 706; x_wconf 80' lang='lat' dir='ltr'>ipsa</span> <span class='ocrx_word' id='word_1_32' title='bbox 1466 657 1600 695; x_wconf 83' lang='lat' dir='ltr'>volens</span> <span class='ocrx_word' id='word_1_33' title='bbox 1629 655 1698 693; x_wconf 78' lang='lat' dir='ltr'>dat</span> <span class='ocrx_word' id='word_1_34' title='bbox 1729 666 1918 695; x_wconf 70' lang='lat' dir='ltr'>TEMPORA</span> <span class='ocrx_word' id='word_1_35' title='bbox 1942 658 2073 710; x_wconf 85' lang='lat' dir='ltr'>jungi,</span> 
     </span>
     <span class='ocr_line' id='line_1_5' title="bbox 923 710 1921 763; baseline -0.001 -10"><span class='ocrx_word' id='word_1_36' title='bbox 923 712 1026 753; x_wconf 90' lang='lat' dir='ltr'>Dum</span> <span class='ocrx_word' id='word_1_37' title='bbox 1054 713 1160 752; x_wconf 78' lang='lat' dir='ltr'>vires</span> <span class='ocrx_word' id='word_1_38' title='bbox 1186 718 1313 762; x_wconf 87' lang='lat' dir='ltr'>utero,</span> <span class='ocrx_word' id='word_1_39' title='bbox 1339 718 1590 763; x_wconf 74' lang='lat' dir='ltr'>maternaque</span> <span class='ocrx_word' id='word_1_40' title='bbox 1620 710 1767 750; x_wconf 83' lang='lat' dir='ltr'>sufficit</span> <span class='ocrx_word' id='word_1_41' title='bbox 1791 718 1921 752; x_wconf 79' lang='lat' dir='ltr'>aetas:</span> 
     </span>
    </p>
   </div>
   <div class='ocr_carea' id='block_1_4' title="bbox 369 776 2681 3013">
    <p class='ocr_par' dir='ltr' id='par_1_4' title="bbox 369 776 2681 3013">
     <span class='ocr_line' id='line_1_6' title="bbox 369 776 2609 843; baseline -0.003 -12"><span class='ocrx_word' id='word_1_42' title='bbox 369 782 434 832; x_wconf 91' lang='lat' dir='ltr'>de</span> <span class='ocrx_word' id='word_1_43' title='bbox 476 779 733 830; x_wconf 61' lang='lat' dir='ltr'>conwubt’tls·</span> <span class='ocrx_word' id='word_1_44' title='bbox 767 780 1009 843; x_wconf 84' lang='lat' dir='ltr'>loquitur3</span> <span class='ocrx_word' id='word_1_45' title='bbox 1036 777 1173 825; x_wconf 89' lang='lat' dir='ltr'>unde</span> <span class='ocrx_word' id='word_1_46' title='bbox 1208 785 1349 842; x_wconf 88' lang='lat' dir='ltr'>patet</span> <span class='ocrx_word' id='word_1_47' title='bbox 1379 792 1495 824; x_wconf 92' lang='lat' dir='ltr'>eum</span> <span class='ocrx_word' id='word_1_48' title='bbox 1533 778 1808 841; x_wconf 85' lang='lat' dir='ltr'>scripsisse,</span> <span class='ocrx_word' id='word_1_49' title='bbox 1844 776 1941 824; x_wconf 78' lang='lat' dir='ltr'>dat</span> <span class='ocrx_word' id='word_1_50' title='bbox 1966 789 2210 826; x_wconf 76' lang='lat' dir='ltr'><strong>FOEDERA</strong></span> <span class='ocrx_word' id='word_1_51' title='bbox 2242 777 2428 843; x_wconf 71' lang='lat' dir='ltr'>jungi.-</span> <span class='ocrx_word' id='word_1_52' title='bbox 2469 778 2609 840; x_wconf 86' lang='lat' dir='ltr'>cujus</span> 
     </span>
     <span class='ocr_line' id='line_1_7' title="bbox 371 844 2613 916; baseline -0.002 -18"><span class='ocrx_word' id='word_1_53' title='bbox 371 852 613 916; x_wconf 82' lang='lat' dir='ltr'>phraseos</span> <span class='ocrx_word' id='word_1_54' title='bbox 643 848 764 898; x_wconf 90' lang='lat' dir='ltr'>vide</span> <span class='ocrx_word' id='word_1_55' title='bbox 794 846 1031 911; x_wconf 82' lang='lat' dir='ltr'>exempla</span> <span class='ocrx_word' id='word_1_56' title='bbox 1057 845 1195 909; x_wconf 92' lang='lat' dir='ltr'>apud</span> <span class='ocrx_word' id='word_1_57' title='bbox 1223 844 1295 893; x_wconf 88' lang='lat' dir='ltr'>Cl.</span> <span class='ocrx_word' id='word_1_58' title='bbox 1325 845 1668 893; x_wconf 90' lang='lat' dir='ltr'>Burmannum</span> <span class='ocrx_word' id='word_1_59' title='bbox 1699 844 1767 892; x_wconf 89' lang='lat' dir='ltr'>ad</span> <span class='ocrx_word' id='word_1_60' title='bbox 1797 844 1944 895; x_wconf 87' lang='lat' dir='ltr'>ovid.</span> <span class='ocrx_word' id='word_1_61' title='bbox 1975 846 2094 893; x_wconf 86' lang='lat' dir='ltr'>Met.</span> <span class='ocrx_word' id='word_1_62' title='bbox 2125 846 2225 894; x_wconf 88' lang='lat' dir='ltr'><strong>VII.</strong></span> <span class='ocrx_word' id='word_1_63' title='bbox 2260 850 2376 895; x_wconf 86' lang='grc'><strong>403.</strong></span> <span class='ocrx_word' id='word_1_64' title='bbox 2420 854 2472 895; x_wconf 89' lang='lat' dir='ltr'>et</span> <span class='ocrx_word' id='word_1_65' title='bbox 2499 846 2613 894; x_wconf 83' lang='lat' dir='ltr'>ubi-</span> 
     </span>
     <span class='ocr_line' id='line_1_8' title="bbox 374 912 2613 983; baseline -0.001 -18"><span class='ocrx_word' id='word_1_66' title='bbox 374 934 470 983; x_wconf 90' lang='lat' dir='ltr'>que</span> <span class='ocrx_word' id='word_1_67' title='bbox 500 917 724 966; x_wconf 89' lang='lat' dir='ltr'>occurrit.</span> <span class='ocrx_word' id='word_1_68' title='bbox 791 916 997 963; x_wconf 86' lang='lat' dir='ltr'>Possem</span> <span class='ocrx_word' id='word_1_69' title='bbox 1029 914 1139 971; x_wconf 88' lang='lat' dir='ltr'>tibi,</span> <span class='ocrx_word' id='word_1_70' title='bbox 1169 912 1335 970; x_wconf 89' lang='lat' dir='ltr'>credo,</span> <span class='ocrx_word' id='word_1_71' title='bbox 1375 914 1484 975; x_wconf 89' lang='lat' dir='ltr'>(nec</span> <span class='ocrx_word' id='word_1_72' title='bbox 1518 927 1588 958; x_wconf 85' lang='lat' dir='ltr'>ex</span> <span class='ocrx_word' id='word_1_73' title='bbox 1611 912 1779 959; x_wconf 70' lang='lat' dir='ltr'>Poetis</span> <span class='ocrx_word' id='word_1_74' title='bbox 1808 914 1991 971; x_wconf 90' lang='lat' dir='ltr'>solum)</span> <span class='ocrx_word' id='word_1_75' title='bbox 2020 914 2409 976; x_wconf 74' lang='lat' dir='ltr'>Quadringenta</span> <span class='ocrx_word' id='word_1_76' title='bbox 2441 914 2613 977; x_wconf 89' lang='lat' dir='ltr'>hujus-</span> 
     </span>
     <span class='ocr_line' id='line_1_9' title="bbox 372 978 2614 1045; baseline -0.002 -10"><span class='ocrx_word' id='word_1_77' title='bbox 372 986 514 1037; x_wconf 84' lang='lat' dir='ltr'>modi</span> <span class='ocrx_word' id='word_1_78' title='bbox 542 984 876 1032; x_wconf 82' lang='lat' dir='ltr'><strong>mutationum</strong></span> <span class='ocrx_word' id='word_1_79' title='bbox 912 982 1148 1045; x_wconf 88' lang='lat' dir='ltr'>exempla</span> <span class='ocrx_word' id='word_1_80' title='bbox 1183 980 1429 1043; x_wconf 86' lang='lat' dir='ltr'>proferre:</span> <span class='ocrx_word' id='word_1_81' title='bbox 1464 978 1589 1026; x_wconf 85' lang='lat' dir='ltr'>haec</span> <span class='ocrx_word' id='word_1_82' title='bbox 1615 993 1777 1041; x_wconf 88' lang='lat' dir='ltr'>pauca</span> <span class='ocrx_word' id='word_1_83' title='bbox 1813 978 2026 1039; x_wconf 87' lang='lat' dir='ltr'>adduxi,</span> <span class='ocrx_word' id='word_1_84' title='bbox 2062 996 2128 1028; x_wconf 91' lang='lat' dir='ltr'>ne</span> <span class='ocrx_word' id='word_1_85' title='bbox 2165 982 2380 1030; x_wconf 90' lang='lat' dir='ltr'>nimium</span> <span class='ocrx_word' id='word_1_86' title='bbox 2416 983 2614 1031; x_wconf 88' lang='lat' dir='ltr'>mireris</span> 
     </span>
     <span class='ocr_line' id='line_1_10' title="bbox 377 1046 2681 1117; baseline -0.002 -16"><span class='ocrx_word' id='word_1_87' title='bbox 377 1052 576 1117; x_wconf 91' lang='lat' dir='ltr'>quando</span> <span class='ocrx_word' id='word_1_88' title='bbox 613 1053 667 1098; x_wconf 90' lang='lat' dir='ltr'>in</span> <span class='ocrx_word' id='word_1_89' title='bbox 699 1058 940 1099; x_wconf 83' lang='lat' dir='ltr'>contextu</span> <span class='ocrx_word' id='word_1_90' title='bbox 969 1050 1116 1111; x_wconf 75' lang='lat' dir='ltr'>huJus</span> <span class='ocrx_word' id='word_1_91' title='bbox 1160 1047 1397 1095; x_wconf 85' lang='lat' dir='ltr'>editionis</span> <span class='ocrx_word' id='word_1_92' title='bbox 1429 1046 1609 1106; x_wconf 86' lang='lat' dir='ltr'>legeris</span> <span class='ocrx_word' id='word_1_93' title='bbox 1634 1062 1850 1093; x_wconf 80' lang='lat' dir='ltr'>munera</span> <span class='ocrx_word' id='word_1_94' title='bbox 1877 1063 1969 1111; x_wconf 91' lang='lat' dir='ltr'>pro</span> <span class='ocrx_word' id='word_1_95' title='bbox 1995 1064 2054 1096; x_wconf 90' lang='lat' dir='ltr'>eo</span> <span class='ocrx_word' id='word_1_96' title='bbox 2086 1048 2221 1113; x_wconf 90' lang='lat' dir='ltr'>quod</span> <span class='ocrx_word' id='word_1_97' title='bbox 2253 1058 2362 1097; x_wconf 92' lang='lat' dir='ltr'>erat</span> <span class='ocrx_word' id='word_1_98' title='bbox 2387 1050 2615 1109; x_wconf 76' lang='lat' dir='ltr'>vulnera,</span> <span class='ocrx_word' id='word_1_99' title='bbox 2674 1096 2681 1107; x_wconf 72' lang='grc'><strong>,</strong></span> 
     </span>
     <span class='ocr_line' id='line_1_11' title="bbox 375 1113 2618 1185; baseline -0.004 -15"><span class='ocrx_word' id='word_1_100' title='bbox 375 1119 581 1185; x_wconf 91' lang='lat' dir='ltr'>Epiced.</span> <span class='ocrx_word' id='word_1_101' title='bbox 610 1119 741 1165; x_wconf 90' lang='lat' dir='ltr'>Patr.</span> <span class='ocrx_word' id='word_1_102' title='bbox 769 1134 818 1166; x_wconf 89' lang='lat' dir='ltr'>v.</span> <span class='ocrx_word' id='word_1_103' title='bbox 853 1120 933 1165; x_wconf 89' lang='grc'>45.</span> <span class='ocrx_word' id='word_1_104' title='bbox 961 1118 1047 1165; x_wconf 91' lang='lat' dir='ltr'>vel</span> <span class='ocrx_word' id='word_1_105' title='bbox 1081 1131 1299 1162; x_wconf 78' lang='lat' dir='ltr'>munera</span> <span class='ocrx_word' id='word_1_106' title='bbox 1325 1130 1415 1178; x_wconf 88' lang='lat' dir='ltr'>pro</span> <span class='ocrx_word' id='word_1_107' title='bbox 1444 1113 1677 1160; x_wconf 73' lang='lat' dir='ltr'>carmina</span> <span class='ocrx_word' id='word_1_108' title='bbox 1710 1114 1912 1178; x_wconf 86' lang='lat' dir='ltr'>Epiced.</span> <span class='ocrx_word' id='word_1_109' title='bbox 1942 1116 2083 1164; x_wconf 89' lang='lat' dir='ltr'>Puer.</span> <span class='ocrx_word' id='word_1_110' title='bbox 2108 1133 2157 1167; x_wconf 89' lang='lat' dir='ltr'>v.</span> <span class='ocrx_word' id='word_1_111' title='bbox 2195 1121 2270 1164; x_wconf 89' lang='grc'>14.</span> <span class='ocrx_word' id='word_1_112' title='bbox 2299 1118 2384 1167; x_wconf 87' lang='lat' dir='ltr'>vel</span> <span class='ocrx_word' id='word_1_113' title='bbox 2404 1118 2618 1166; x_wconf 77' lang='lat' dir='ltr'>vulnera</span> 
     </span>
     <span class='ocr_line' id='line_1_12' title="bbox 376 1181 2619 1254; baseline -0.001 -18"><span class='ocrx_word' id='word_1_114' title='bbox 376 1205 467 1254; x_wconf 91' lang='lat' dir='ltr'>pro</span> <span class='ocrx_word' id='word_1_115' title='bbox 490 1187 690 1250; x_wconf 79' lang='lat' dir='ltr'>fimera</span> <span class='ocrx_word' id='word_1_116' title='bbox 725 1184 847 1233; x_wconf 88' lang='lat' dir='ltr'>ibid.</span> <span class='ocrx_word' id='word_1_117' title='bbox 874 1200 922 1234; x_wconf 85' lang='lat' dir='ltr'>v.</span> <span class='ocrx_word' id='word_1_118' title='bbox 952 1187 1032 1232; x_wconf 91' lang='grc'>46.</span> <span class='ocrx_word' id='word_1_119' title='bbox 1105 1190 1156 1230; x_wconf 90' lang='lat' dir='ltr'>et</span> <span class='ocrx_word' id='word_1_120' title='bbox 1192 1182 1480 1244; x_wconf 87' lang='lat' dir='ltr'>hujusmodi</span> <span class='ocrx_word' id='word_1_121' title='bbox 1522 1181 1775 1229; x_wconf 90' lang='lat' dir='ltr'>nonnulla.</span> <span class='ocrx_word' id='word_1_122' title='bbox 1843 1182 1939 1231; x_wconf 89' lang='lat' dir='ltr'>Ubi</span> <span class='ocrx_word' id='word_1_123' title='bbox 1970 1185 2106 1232; x_wconf 91' lang='lat' dir='ltr'>enim</span> <span class='ocrx_word' id='word_1_124' title='bbox 2144 1201 2228 1234; x_wconf 89' lang='lat' dir='ltr'>res</span> <span class='ocrx_word' id='word_1_125' title='bbox 2265 1194 2373 1234; x_wconf 88' lang='lat' dir='ltr'>erat</span> <span class='ocrx_word' id='word_1_126' title='bbox 2405 1186 2619 1235; x_wconf 86' lang='lat' dir='ltr'>manife-</span> 
     </span>
     <span class='ocr_line' id='line_1_13' title="bbox 378 1248 2615 1316; baseline 0 -12"><span class='ocrx_word' id='word_1_127' title='bbox 378 1264 486 1305; x_wconf 82' lang='lat' dir='ltr'>stae</span> <span class='ocrx_word' id='word_1_128' title='bbox 527 1253 766 1301; x_wconf 83' lang='lat' dir='ltr'>Veritatis</span> <span class='ocrx_word' id='word_1_129' title='bbox 808 1259 860 1298; x_wconf 91' lang='lat' dir='ltr'>et</span> <span class='ocrx_word' id='word_1_130' title='bbox 892 1266 1118 1299; x_wconf 90' lang='lat' dir='ltr'>summae</span> <span class='ocrx_word' id='word_1_131' title='bbox 1145 1250 1499 1307; x_wconf 83' lang='lat' dir='ltr'>NecessitatiS,</span> <span class='ocrx_word' id='word_1_132' title='bbox 1531 1248 1715 1296; x_wconf 87' lang='lat' dir='ltr'>admisi</span> <span class='ocrx_word' id='word_1_133' title='bbox 1753 1251 1805 1297; x_wconf 91' lang='lat' dir='ltr'>in</span> <span class='ocrx_word' id='word_1_134' title='bbox 1842 1249 2152 1302; x_wconf 86' lang='lat' dir='ltr'>Contextum</span> <span class='ocrx_word' id='word_1_135' title='bbox 2174 1255 2296 1316; x_wconf 73' lang='lat' dir='ltr'>2(cur</span> <span class='ocrx_word' id='word_1_136' title='bbox 2324 1256 2461 1304; x_wconf 89' lang='lat' dir='ltr'>enim</span> <span class='ocrx_word' id='word_1_137' title='bbox 2489 1256 2615 1304; x_wconf 85' lang='lat' dir='ltr'>mihi</span> 
     </span>
     <span class='ocr_line' id='line_1_14' title="bbox 376 1316 2616 1385; baseline 0.002 -15"><span class='ocrx_word' id='word_1_138' title='bbox 376 1329 660 1385; x_wconf 86' lang='lat' dir='ltr'>negaretur,</span> <span class='ocrx_word' id='word_1_139' title='bbox 690 1319 823 1384; x_wconf 90' lang='lat' dir='ltr'>quod</span> <span class='ocrx_word' id='word_1_140' title='bbox 859 1320 958 1366; x_wconf 92' lang='lat' dir='ltr'>nisi</span> <span class='ocrx_word' id='word_1_141' title='bbox 985 1320 1098 1366; x_wconf 90' lang='lat' dir='ltr'>aliis</span> <span class='ocrx_word' id='word_1_142' title='bbox 1130 1332 1418 1365; x_wconf 89' lang='lat' dir='ltr'>concessum</span> <span class='ocrx_word' id='word_1_143' title='bbox 1448 1316 1661 1363; x_wconf 88' lang='lat' dir='ltr'>antehac</span> <span class='ocrx_word' id='word_1_144' title='bbox 1689 1317 1835 1375; x_wconf 88' lang='lat' dir='ltr'>foret,</span> <span class='ocrx_word' id='word_1_145' title='bbox 1868 1320 1964 1367; x_wconf 81' lang='lat' dir='ltr'>vix</span> <span class='ocrx_word' id='word_1_146' title='bbox 1994 1320 2120 1370; x_wconf 90' lang='lat' dir='ltr'>duos</span> <span class='ocrx_word' id='word_1_147' title='bbox 2148 1337 2325 1372; x_wconf 89' lang='lat' dir='ltr'>versus</span> <span class='ocrx_word' id='word_1_148' title='bbox 2355 1327 2616 1376; x_wconf 86' lang='lat' dir='ltr'>continuos</span> 
     </span>
     <span class='ocr_line' id='line_1_15' title="bbox 377 1383 2619 1452; baseline 0.003 -14"><span class='ocrx_word' id='word_1_149' title='bbox 377 1393 433 1439; x_wconf 90' lang='lat' dir='ltr'>in</span> <span class='ocrx_word' id='word_1_150' title='bbox 460 1392 540 1438; x_wconf 89' lang='lat' dir='ltr'>his</span> <span class='ocrx_word' id='word_1_151' title='bbox 567 1389 722 1438; x_wconf 89' lang='lat' dir='ltr'>Silvis</span> <span class='ocrx_word' id='word_1_152' title='bbox 755 1388 1004 1452; x_wconf 89' lang='lat' dir='ltr'>potuisses</span> <span class='ocrx_word' id='word_1_153' title='bbox 1036 1384 1373 1447; x_wconf 59' lang='lat' dir='ltr'>intelligere&#39;l)</span> <span class='ocrx_word' id='word_1_154' title='bbox 1418 1398 1522 1431; x_wconf 92' lang='lat' dir='ltr'>non</span> <span class='ocrx_word' id='word_1_155' title='bbox 1552 1383 1763 1431; x_wconf 90' lang='lat' dir='ltr'>aliorum</span> <span class='ocrx_word' id='word_1_156' title='bbox 1797 1386 1974 1446; x_wconf 89' lang='lat' dir='ltr'>solum,</span> <span class='ocrx_word' id='word_1_157' title='bbox 2007 1390 2099 1437; x_wconf 90' lang='lat' dir='ltr'>sed</span> <span class='ocrx_word' id='word_1_158' title='bbox 2129 1391 2283 1439; x_wconf 90' lang='lat' dir='ltr'>etiam</span> <span class='ocrx_word' id='word_1_159' title='bbox 2316 1407 2456 1442; x_wconf 85' lang='lat' dir='ltr'>meas</span> <span class='ocrx_word' id='word_1_160' title='bbox 2488 1394 2619 1444; x_wconf 89' lang='lat' dir='ltr'>Con-</span> 
     </span>
     <span class='ocr_line' id='line_1_16' title="bbox 372 1452 2618 1522; baseline 0.002 -17"><span class='ocrx_word' id='word_1_161' title='bbox 372 1461 616 1522; x_wconf 86' lang='lat' dir='ltr'>jecturas:</span> <span class='ocrx_word' id='word_1_162' title='bbox 661 1458 717 1504; x_wconf 91' lang='lat' dir='ltr'>in</span> <span class='ocrx_word' id='word_1_163' title='bbox 756 1456 850 1503; x_wconf 90' lang='lat' dir='ltr'>hac</span> <span class='ocrx_word' id='word_1_164' title='bbox 892 1461 1035 1518; x_wconf 91' lang='lat' dir='ltr'>parte</span> <span class='ocrx_word' id='word_1_165' title='bbox 1075 1461 1274 1501; x_wconf 88' lang='lat' dir='ltr'>secutus</span> <span class='ocrx_word' id='word_1_166' title='bbox 1316 1452 1579 1499; x_wconf 91' lang='lat' dir='ltr'>consilium</span> <span class='ocrx_word' id='word_1_167' title='bbox 1628 1455 1813 1500; x_wconf 90' lang='lat' dir='ltr'>summi</span> <span class='ocrx_word' id='word_1_168' title='bbox 1853 1456 2097 1517; x_wconf 84' lang='lat' dir='ltr'>magistri,</span> <span class='ocrx_word' id='word_1_169' title='bbox 2139 1458 2393 1509; x_wconf 90' lang='lat' dir='ltr'>Gronovii.</span> <span class='ocrx_word' id='word_1_170' title='bbox 2472 1462 2618 1521; x_wconf 86' lang='lat' dir='ltr'>„Cur</span> 
     </span>
     <span class='ocr_line' id='line_1_17' title="bbox 380 1520 2615 1587; baseline 0.003 -14"><span class='ocrx_word' id='word_1_171' title='bbox 380 1527 560 1585; x_wconf 91' lang='lat' dir='ltr'>„enim</span> <span class='ocrx_word' id='word_1_172' title='bbox 603 1524 791 1587; x_wconf 90' lang='lat' dir='ltr'>(inquit</span> <span class='ocrx_word' id='word_1_173' title='bbox 819 1524 934 1581; x_wconf 90' lang='lat' dir='ltr'>Ille,</span> <span class='ocrx_word' id='word_1_174' title='bbox 975 1523 1190 1570; x_wconf 88' lang='lat' dir='ltr'>Praefat.</span> <span class='ocrx_word' id='word_1_175' title='bbox 1236 1520 1302 1568; x_wconf 91' lang='lat' dir='ltr'>ad</span> <span class='ocrx_word' id='word_1_176' title='bbox 1343 1521 1613 1581; x_wconf 89' lang='lat' dir='ltr'>Senecam)</span> <span class='ocrx_word' id='word_1_177' title='bbox 1650 1528 1819 1569; x_wconf 90' lang='lat' dir='ltr'>tantus</span> <span class='ocrx_word' id='word_1_178' title='bbox 1868 1522 2010 1571; x_wconf 85' lang='lat' dir='ltr'>labor</span> <span class='ocrx_word' id='word_1_179' title='bbox 2044 1527 2315 1574; x_wconf 87' lang='lat' dir='ltr'>insumitur</span> <span class='ocrx_word' id='word_1_180' title='bbox 2362 1531 2615 1581; x_wconf 86' lang='lat' dir='ltr'>eruendae</span> 
     </span>
     <span class='ocr_line' id='line_1_18' title="bbox 380 1587 2621 1662; baseline 0 -20"><span class='ocrx_word' id='word_1_181' title='bbox 380 1593 680 1652; x_wconf 90' lang='lat' dir='ltr'>„doctrinae</span> <span class='ocrx_word' id='word_1_182' title='bbox 705 1592 958 1650; x_wconf 83' lang='lat' dir='ltr'>Veterum3</span> <span class='ocrx_word' id='word_1_183' title='bbox 986 1599 1037 1637; x_wconf 90' lang='lat' dir='ltr'>et</span> <span class='ocrx_word' id='word_1_184' title='bbox 1068 1589 1301 1654; x_wconf 85' lang='lat' dir='ltr'>operibus</span> <span class='ocrx_word' id='word_1_185' title='bbox 1330 1587 1757 1650; x_wconf 86' lang='lat' dir='ltr'>redintegrandis,</span> <span class='ocrx_word' id='word_1_186' title='bbox 1805 1591 1849 1638; x_wconf 93' lang='lat' dir='ltr'>si</span> <span class='ocrx_word' id='word_1_187' title='bbox 1879 1592 2044 1642; x_wconf 92' lang='lat' dir='ltr'>nullus</span> <span class='ocrx_word' id='word_1_188' title='bbox 2079 1595 2200 1643; x_wconf 89' lang='lat' dir='ltr'>inde</span> <span class='ocrx_word' id='word_1_189' title='bbox 2233 1596 2299 1644; x_wconf 89' lang='lat' dir='ltr'>ad</span> <span class='ocrx_word' id='word_1_190' title='bbox 2328 1596 2468 1662; x_wconf 82' lang='lat' dir='ltr'>Ipsos</span> <span class='ocrx_word' id='word_1_191' title='bbox 2496 1600 2621 1657; x_wconf 71' lang='lat' dir='ltr'>[red-</span> 
     </span>
     <span class='ocr_line' id='line_1_19' title="bbox 381 1657 2621 1731; baseline 0.002 -22"><span class='ocrx_word' id='word_1_192' title='bbox 381 1668 512 1721; x_wconf 91' lang='lat' dir='ltr'>„eat</span> <span class='ocrx_word' id='word_1_193' title='bbox 539 1660 758 1708; x_wconf 61' lang='lat' dir='ltr'>fructus?</span> <span class='ocrx_word' id='word_1_194' title='bbox 812 1658 945 1717; x_wconf 84' lang='lat' dir='ltr'>Quid</span> <span class='ocrx_word' id='word_1_195' title='bbox 972 1660 1122 1721; x_wconf 77' lang='lat' dir='ltr'>Juvat</span> <span class='ocrx_word' id='word_1_196' title='bbox 1154 1659 1303 1704; x_wconf 89' lang='lat' dir='ltr'>toties</span> <span class='ocrx_word' id='word_1_197' title='bbox 1334 1672 1524 1705; x_wconf 86' lang='lat' dir='ltr'>novare</span> <span class='ocrx_word' id='word_1_198' title='bbox 1556 1657 1847 1717; x_wconf 87' lang='lat' dir='ltr'>Editiones,</span> <span class='ocrx_word' id='word_1_199' title='bbox 1883 1666 1942 1706; x_wconf 91' lang='lat' dir='ltr'>ut</span> <span class='ocrx_word' id='word_1_200' title='bbox 1971 1663 2183 1712; x_wconf 87' lang='lat' dir='ltr'>eaedem</span> <span class='ocrx_word' id='word_1_201' title='bbox 2218 1667 2525 1731; x_wconf 87' lang='lat' dir='ltr'>corruptelae</span> <span class='ocrx_word' id='word_1_202' title='bbox 2564 1670 2621 1717; x_wconf 90' lang='lat' dir='ltr'>in</span> 
     </span>
     <span class='ocr_line' id='line_1_20' title="bbox 381 1727 2619 1798; baseline 0.004 -21"><span class='ocrx_word' id='word_1_203' title='bbox 381 1729 633 1792; x_wconf 84' lang='lat' dir='ltr'>„singulis</span> <span class='ocrx_word' id='word_1_204' title='bbox 661 1727 930 1775; x_wconf 78' lang='lat' dir='ltr'>maneant&#39;.l</span> <span class='ocrx_word' id='word_1_205' title='bbox 960 1728 1131 1790; x_wconf 86' lang='lat' dir='ltr'>Itaque</span> <span class='ocrx_word' id='word_1_206' title='bbox 1159 1727 1215 1772; x_wconf 87' lang='lat' dir='ltr'>fit</span> <span class='ocrx_word' id='word_1_207' title='bbox 1241 1740 1617 1789; x_wconf 89' lang='lat' dir='ltr'>saepenumero,</span> <span class='ocrx_word' id='word_1_208' title='bbox 1653 1733 1709 1772; x_wconf 90' lang='lat' dir='ltr'>ut</span> <span class='ocrx_word' id='word_1_209' title='bbox 1739 1727 1892 1775; x_wconf 84' lang='lat' dir='ltr'>lector</span> <span class='ocrx_word' id='word_1_210' title='bbox 1923 1729 1977 1776; x_wconf 90' lang='lat' dir='ltr'>in</span> <span class='ocrx_word' id='word_1_211' title='bbox 2006 1731 2234 1781; x_wconf 83' lang='lat' dir='ltr'>facilibus</span> <span class='ocrx_word' id='word_1_212' title='bbox 2262 1735 2541 1798; x_wconf 88' lang='lat' dir='ltr'>intellectu,</span> <span class='ocrx_word' id='word_1_213' title='bbox 2575 1739 2619 1786; x_wconf 87' lang='lat' dir='ltr'>si</span> 
     </span>
     <span class='ocr_line' id='line_1_21' title="bbox 380 1792 2623 1860; baseline -0 -15"><span class='ocrx_word' id='word_1_214' title='bbox 380 1797 555 1856; x_wconf 89' lang='lat' dir='ltr'>„bono</span> <span class='ocrx_word' id='word_1_215' title='bbox 600 1797 804 1844; x_wconf 89' lang='lat' dir='ltr'>consilio</span> <span class='ocrx_word' id='word_1_216' title='bbox 843 1796 1077 1843; x_wconf 90' lang='lat' dir='ltr'>adsumta</span> <span class='ocrx_word' id='word_1_217' title='bbox 1122 1811 1149 1841; x_wconf 90' lang='lat' dir='ltr'>e</span> <span class='ocrx_word' id='word_1_218' title='bbox 1182 1792 1479 1841; x_wconf 90' lang='lat' dir='ltr'>Criticorum</span> <span class='ocrx_word' id='word_1_219' title='bbox 1527 1795 1725 1858; x_wconf 88' lang='lat' dir='ltr'>scriptis</span> <span class='ocrx_word' id='word_1_220' title='bbox 1775 1796 1929 1860; x_wconf 87' lang='lat' dir='ltr'>(quae</span> <span class='ocrx_word' id='word_1_221' title='bbox 1971 1801 2202 1849; x_wconf 88' lang='lat' dir='ltr'>omnibus</span> <span class='ocrx_word' id='word_1_222' title='bbox 2243 1805 2478 1853; x_wconf 77' lang='lat' dir='ltr'>evolvere</span> <span class='ocrx_word' id='word_1_223' title='bbox 2519 1820 2623 1854; x_wconf 88' lang='lat' dir='ltr'>non</span> 
     </span>
     <span class='ocr_line' id='line_1_22' title="bbox 381 1860 2624 1932; baseline 0.001 -19"><span class='ocrx_word' id='word_1_224' title='bbox 381 1880 624 1929; x_wconf 87' lang='lat' dir='ltr'>„semper</span> <span class='ocrx_word' id='word_1_225' title='bbox 647 1865 814 1929; x_wconf 85' lang='lat' dir='ltr'>vacat)</span> <span class='ocrx_word' id='word_1_226' title='bbox 846 1865 1060 1925; x_wconf 88' lang='lat' dir='ltr'>genuina</span> <span class='ocrx_word' id='word_1_227' title='bbox 1085 1877 1263 1910; x_wconf 89' lang='lat' dir='ltr'>manus</span> <span class='ocrx_word' id='word_1_228' title='bbox 1296 1860 1502 1909; x_wconf 88' lang='lat' dir='ltr'>Auctori</span> <span class='ocrx_word' id='word_1_229' title='bbox 1539 1862 1739 1910; x_wconf 87' lang='lat' dir='ltr'>reddita</span> <span class='ocrx_word' id='word_1_230' title='bbox 1768 1873 1917 1923; x_wconf 89' lang='lat' dir='ltr'>esset,</span> <span class='ocrx_word' id='word_1_231' title='bbox 1948 1869 2064 1930; x_wconf 86' lang='lat' dir='ltr'>quia</span> <span class='ocrx_word' id='word_1_232' title='bbox 2088 1871 2348 1932; x_wconf 84' lang='lat' dir='ltr'>vulgatum</span> <span class='ocrx_word' id='word_1_233' title='bbox 2377 1875 2624 1922; x_wconf 73' lang='lat' dir='ltr'>retinetur</span> 
     </span>
     <span class='ocr_line' id='line_1_23' title="bbox 380 1932 2621 2004; baseline 0.005 -25"><span class='ocrx_word' id='word_1_234' title='bbox 380 1933 588 1991; x_wconf 91' lang='lat' dir='ltr'>„ulcus,</span> <span class='ocrx_word' id='word_1_235' title='bbox 620 1933 884 1991; x_wconf 84' lang='lat' dir='ltr'>crucietur3</span> <span class='ocrx_word' id='word_1_236' title='bbox 916 1932 1163 1995; x_wconf 89' lang='lat' dir='ltr'>potiorem</span> <span class='ocrx_word' id='word_1_237' title='bbox 1191 1938 1387 1994; x_wconf 89' lang='lat' dir='ltr'>partem</span> <span class='ocrx_word' id='word_1_238' title='bbox 1420 1937 1508 1977; x_wconf 89' lang='lat' dir='ltr'>aut</span> <span class='ocrx_word' id='word_1_239' title='bbox 1535 1946 1636 1978; x_wconf 91' lang='lat' dir='ltr'>non</span> <span class='ocrx_word' id='word_1_240' title='bbox 1667 1941 1957 1997; x_wconf 89' lang='lat' dir='ltr'>perceptam</span> <span class='ocrx_word' id='word_1_241' title='bbox 1986 1945 2074 1984; x_wconf 91' lang='lat' dir='ltr'>aut</span> <span class='ocrx_word' id='word_1_242' title='bbox 2103 1939 2253 1998; x_wconf 89' lang='lat' dir='ltr'>male,</span> <span class='ocrx_word' id='word_1_243' title='bbox 2284 1949 2530 2004; x_wconf 82' lang='lat' dir='ltr'>transeat3</span> <span class='ocrx_word' id='word_1_244' title='bbox 2569 1949 2621 1990; x_wconf 90' lang='lat' dir='ltr'>et</span> 
     </span>
     <span class='ocr_line' id='line_1_24' title="bbox 380 1999 2619 2069; baseline 0 -22"><span class='ocrx_word' id='word_1_245' title='bbox 380 2001 550 2059; x_wconf 89' lang='lat' dir='ltr'>„nihil</span> <span class='ocrx_word' id='word_1_246' title='bbox 585 1999 718 2064; x_wconf 90' lang='lat' dir='ltr'>quod</span> <span class='ocrx_word' id='word_1_247' title='bbox 748 2001 938 2047; x_wconf 89' lang='lat' dir='ltr'>imitari</span> <span class='ocrx_word' id='word_1_248' title='bbox 969 2007 1076 2046; x_wconf 87' lang='lat' dir='ltr'>tuto</span> <span class='ocrx_word' id='word_1_249' title='bbox 1108 2000 1285 2062; x_wconf 84' lang='lat' dir='ltr'>possit,</span> <span class='ocrx_word' id='word_1_250' title='bbox 1314 1999 1592 2047; x_wconf 86' lang='lat' dir='ltr'>inveniat.“</span> <span class='ocrx_word' id='word_1_251' title='bbox 1661 1999 1802 2047; x_wconf 88' lang='lat' dir='ltr'>Haec</span> <span class='ocrx_word' id='word_1_252' title='bbox 1838 2002 1941 2061; x_wconf 88' lang='lat' dir='ltr'>llle,</span> <span class='ocrx_word' id='word_1_253' title='bbox 1973 2008 2165 2069; x_wconf 87' lang='lat' dir='ltr'>optima</span> <span class='ocrx_word' id='word_1_254' title='bbox 2194 2023 2331 2068; x_wconf 87' lang='lat' dir='ltr'>sane,</span> <span class='ocrx_word' id='word_1_255' title='bbox 2374 2020 2426 2059; x_wconf 85' lang='lat' dir='ltr'>et</span> <span class='ocrx_word' id='word_1_256' title='bbox 2459 2012 2619 2061; x_wconf 78' lang='lat' dir='ltr'>utilis-</span> 
     </span>
     <span class='ocr_line' id='line_1_25' title="bbox 380 2066 2621 2145; baseline 0.006 -29"><span class='ocrx_word' id='word_1_257' title='bbox 380 2069 510 2116; x_wconf 92' lang='lat' dir='ltr'>sima</span> <span class='ocrx_word' id='word_1_258' title='bbox 548 2069 592 2116; x_wconf 91' lang='lat' dir='ltr'>si</span> <span class='ocrx_word' id='word_1_259' title='bbox 612 2067 910 2116; x_wconf 88' lang='lat' dir='ltr'>adhibeatur</span> <span class='ocrx_word' id='word_1_260' title='bbox 953 2066 1228 2126; x_wconf 83' lang='lat' dir='ltr'>Judicium3</span> <span class='ocrx_word' id='word_1_261' title='bbox 1286 2067 1382 2123; x_wconf 87' lang='lat' dir='ltr'>cui,</span> <span class='ocrx_word' id='word_1_262' title='bbox 1421 2074 1663 2130; x_wconf 90' lang='lat' dir='ltr'>quantum</span> <span class='ocrx_word' id='word_1_263' title='bbox 1708 2070 1862 2127; x_wconf 87' lang='lat' dir='ltr'>valui,</span> <span class='ocrx_word' id='word_1_264' title='bbox 1900 2072 2121 2121; x_wconf 87' lang='lat' dir='ltr'>intendi:</span> <span class='ocrx_word' id='word_1_265' title='bbox 2163 2083 2215 2123; x_wconf 91' lang='lat' dir='ltr'>et</span> <span class='ocrx_word' id='word_1_266' title='bbox 2247 2077 2340 2126; x_wconf 94' lang='lat' dir='ltr'>hoc</span> <span class='ocrx_word' id='word_1_267' title='bbox 2375 2087 2621 2145; x_wconf 89' lang='lat' dir='ltr'>tempera-</span> 
     </span>
     <span class='ocr_line' id='line_1_26' title="bbox 377 2133 2622 2203; baseline 0.002 -20"><span class='ocrx_word' id='word_1_268' title='bbox 377 2143 606 2184; x_wconf 86' lang='lat' dir='ltr'>mentum</span> <span class='ocrx_word' id='word_1_269' title='bbox 639 2143 837 2183; x_wconf 89' lang='lat' dir='ltr'>secutus</span> <span class='ocrx_word' id='word_1_270' title='bbox 873 2150 1001 2193; x_wconf 89' lang='lat' dir='ltr'>sum,</span> <span class='ocrx_word' id='word_1_271' title='bbox 1030 2133 1097 2183; x_wconf 93' lang='lat' dir='ltr'>Ut</span> <span class='ocrx_word' id='word_1_272' title='bbox 1117 2136 1160 2182; x_wconf 92' lang='lat' dir='ltr'>si</span> <span class='ocrx_word' id='word_1_273' title='bbox 1179 2136 1234 2181; x_wconf 90' lang='lat' dir='ltr'>in</span> <span class='ocrx_word' id='word_1_274' title='bbox 1254 2135 1460 2195; x_wconf 86' lang='lat' dir='ltr'>vulgata</span> <span class='ocrx_word' id='word_1_275' title='bbox 1476 2135 1688 2182; x_wconf 85' lang='lat' dir='ltr'>lectione</span> <span class='ocrx_word' id='word_1_276' title='bbox 1710 2137 1898 2201; x_wconf 91' lang='lat' dir='ltr'>aliquid</span> <span class='ocrx_word' id='word_1_277' title='bbox 1916 2140 1983 2186; x_wconf 92' lang='lat' dir='ltr'>sit</span> <span class='ocrx_word' id='word_1_278' title='bbox 2009 2141 2242 2203; x_wconf 61' lang='lat' dir='ltr'>Absurde}</span> <span class='ocrx_word' id='word_1_279' title='bbox 2275 2148 2357 2195; x_wconf 79' lang='lat' dir='ltr'>vel</span> <span class='ocrx_word' id='word_1_280' title='bbox 2375 2148 2622 2199; x_wconf 65' lang='lat' dir='ltr'>Falsivel</span> 
     </span>
     <span class='ocr_line' id='line_1_27' title="bbox 379 2202 2622 2277; baseline 0.006 -26"><span class='ocrx_word' id='word_1_281' title='bbox 379 2203 687 2266; x_wconf 64' lang='lat' dir='ltr'>Inelegantss</span> <span class='ocrx_word' id='word_1_282' title='bbox 699 2218 722 2259; x_wconf 87' lang='lat'>,·</span> <span class='ocrx_word' id='word_1_283' title='bbox 752 2212 924 2251; x_wconf 90' lang='lat' dir='ltr'>contra</span> <span class='ocrx_word' id='word_1_284' title='bbox 947 2219 1088 2262; x_wconf 85' lang='lat' dir='ltr'>vero,</span> <span class='ocrx_word' id='word_1_285' title='bbox 1123 2205 1178 2250; x_wconf 91' lang='lat' dir='ltr'>in</span> <span class='ocrx_word' id='word_1_286' title='bbox 1207 2202 1504 2264; x_wconf 87' lang='lat' dir='ltr'>Conjectura</span> <span class='ocrx_word' id='word_1_287' title='bbox 1537 2206 1646 2253; x_wconf 85' lang='lat' dir='ltr'>sive</span> <span class='ocrx_word' id='word_1_288' title='bbox 1673 2220 1812 2264; x_wconf 89' lang='lat' dir='ltr'>mea,</span> <span class='ocrx_word' id='word_1_289' title='bbox 1840 2208 1949 2257; x_wconf 89' lang='lat' dir='ltr'>sive</span> <span class='ocrx_word' id='word_1_290' title='bbox 1977 2210 2103 2258; x_wconf 82' lang='lat' dir='ltr'>alius</span> <span class='ocrx_word' id='word_1_291' title='bbox 2134 2214 2433 2277; x_wconf 77' lang='lat' dir='ltr'>cujuspiam,</span> <span class='ocrx_word' id='word_1_292' title='bbox 2468 2216 2622 2276; x_wconf 70' lang='lat' dir='ltr'>ratio,</span> 
     </span>
     <span class='ocr_line' id='line_1_28' title="bbox 380 2271 2623 2336; baseline 0.003 -17"><span class='ocrx_word' id='word_1_293' title='bbox 380 2271 676 2319; x_wconf 72' lang='lat' dir='ltr'>Auctoritas</span> <span class='ocrx_word' id='word_1_294' title='bbox 711 2272 869 2336; x_wconf 87' lang='lat' dir='ltr'>ipsius</span> <span class='ocrx_word' id='word_1_295' title='bbox 904 2272 1053 2319; x_wconf 91' lang='lat' dir='ltr'>Statii</span> <span class='ocrx_word' id='word_1_296' title='bbox 1086 2279 1137 2318; x_wconf 90' lang='lat' dir='ltr'>et</span> <span class='ocrx_word' id='word_1_297' title='bbox 1165 2271 1467 2335; x_wconf 90' lang='lat' dir='ltr'>optimorum</span> <span class='ocrx_word' id='word_1_298' title='bbox 1493 2271 1816 2336; x_wconf 86' lang='lat' dir='ltr'>Scriptorum,</span> <span class='ocrx_word' id='word_1_299' title='bbox 1855 2289 1957 2323; x_wconf 85' lang='lat' dir='ltr'>una</span> <span class='ocrx_word' id='word_1_300' title='bbox 1988 2293 2099 2327; x_wconf 91' lang='lat' dir='ltr'>cum</span> <span class='ocrx_word' id='word_1_301' title='bbox 2130 2281 2351 2330; x_wconf 69' lang='lat' dir='ltr'>M‘m&#39;ma</span> <span class='ocrx_word' id='word_1_302' title='bbox 2393 2287 2479 2334; x_wconf 88' lang='lat' dir='ltr'>vel</span> <span class='ocrx_word' id='word_1_303' title='bbox 2517 2284 2623 2332; x_wconf 64' lang='lat' dir='ltr'>Usi-</span> 
     </span>
     <span class='ocr_line' id='line_1_29' title="bbox 381 2339 2623 2404; baseline 0.007 -18"><span class='ocrx_word' id='word_1_304' title='bbox 381 2345 499 2386; x_wconf 79' lang='lat' dir='ltr'>tata</span> <span class='ocrx_word' id='word_1_305' title='bbox 524 2339 888 2404; x_wconf 73' lang='lat' dir='ltr'>Dc&#39;screpantz&#39;a</span> <span class='ocrx_word' id='word_1_306' title='bbox 916 2355 947 2387; x_wconf 88' lang='lat' dir='ltr'>a</span> <span class='ocrx_word' id='word_1_307' title='bbox 975 2339 1171 2401; x_wconf 86' lang='lat' dir='ltr'>vulgari</span> <span class='ocrx_word' id='word_1_308' title='bbox 1201 2339 1463 2402; x_wconf 83' lang='lat' dir='ltr'>scriptura3</span> <span class='ocrx_word' id='word_1_309' title='bbox 1504 2340 1642 2388; x_wconf 89' lang='lat' dir='ltr'>istud</span> <span class='ocrx_word' id='word_1_310' title='bbox 1673 2341 1892 2402; x_wconf 90' lang='lat' dir='ltr'>ejiciam,</span> <span class='ocrx_word' id='word_1_311' title='bbox 1931 2344 2024 2393; x_wconf 92' lang='lat' dir='ltr'>hoc</span> <span class='ocrx_word' id='word_1_312' title='bbox 2054 2348 2109 2394; x_wconf 91' lang='lat' dir='ltr'>in</span> <span class='ocrx_word' id='word_1_313' title='bbox 2140 2346 2448 2399; x_wconf 87' lang='lat' dir='ltr'>Contextum</span> <span class='ocrx_word' id='word_1_314' title='bbox 2472 2352 2623 2400; x_wconf 87' lang='lat' dir='ltr'>adsu-</span> 
     </span>
     <span class='ocr_line' id='line_1_30' title="bbox 379 2406 2622 2481; baseline 0.006 -26"><span class='ocrx_word' id='word_1_315' title='bbox 379 2422 530 2455; x_wconf 88' lang='lat' dir='ltr'>mam.</span> <span class='ocrx_word' id='word_1_316' title='bbox 595 2406 766 2471; x_wconf 92' lang='lat' dir='ltr'>Atqui,</span> <span class='ocrx_word' id='word_1_317' title='bbox 796 2407 983 2465; x_wconf 89' lang='lat' dir='ltr'>dicunt,</span> <span class='ocrx_word' id='word_1_318' title='bbox 1016 2408 1059 2454; x_wconf 90' lang='lat' dir='ltr'>si</span> <span class='ocrx_word' id='word_1_319' title='bbox 1089 2408 1182 2455; x_wconf 93' lang='lat' dir='ltr'>hoc</span> <span class='ocrx_word' id='word_1_320' title='bbox 1215 2408 1372 2454; x_wconf 87' lang='lat' dir='ltr'>semel</span> <span class='ocrx_word' id='word_1_321' title='bbox 1405 2408 1720 2465; x_wconf 88' lang='lat' dir='ltr'>concedatur,</span> <span class='ocrx_word' id='word_1_322' title='bbox 1757 2420 1923 2459; x_wconf 89' lang='lat' dir='ltr'>actum</span> <span class='ocrx_word' id='word_1_323' title='bbox 1958 2420 2036 2460; x_wconf 91' lang='lat' dir='ltr'>est</span> <span class='ocrx_word' id='word_1_324' title='bbox 2073 2413 2136 2461; x_wconf 93' lang='lat' dir='ltr'>de</span> <span class='ocrx_word' id='word_1_325' title='bbox 2166 2414 2505 2481; x_wconf 87' lang='lat' dir='ltr'>Antiquitate‚</span> <span class='ocrx_word' id='word_1_326' title='bbox 2569 2429 2622 2468; x_wconf 88' lang='lat' dir='ltr'>et</span> 
     </span>
     <span class='ocr_line' id='line_1_31' title="bbox 379 2474 2620 2551; baseline 0.005 -30"><span class='ocrx_word' id='word_1_327' title='bbox 379 2490 471 2537; x_wconf 89' lang='lat' dir='ltr'>pro</span> <span class='ocrx_word' id='word_1_328' title='bbox 512 2475 673 2522; x_wconf 84' lang='lat' dir='ltr'>Statio</span> <span class='ocrx_word' id='word_1_329' title='bbox 702 2476 924 2537; x_wconf 85' lang='lat' dir='ltr'>legemus</span> <span class='ocrx_word' id='word_1_330' title='bbox 964 2475 1142 2523; x_wconf 88' lang='lat' dir='ltr'>Nescio</span> <span class='ocrx_word' id='word_1_331' title='bbox 1178 2474 1353 2533; x_wconf 80' lang='lat' dir='ltr'>Quem.</span> <span class='ocrx_word' id='word_1_332' title='bbox 1419 2477 1602 2533; x_wconf 91' lang='lat' dir='ltr'>Immo,</span> <span class='ocrx_word' id='word_1_333' title='bbox 1647 2479 1952 2542; x_wconf 87' lang='lat' dir='ltr'>respondco&#39;,</span> <span class='ocrx_word' id='word_1_334' title='bbox 1989 2496 2080 2542; x_wconf 86' lang='lat' dir='ltr'>pro</span> <span class='ocrx_word' id='word_1_335' title='bbox 2111 2481 2287 2531; x_wconf 88' lang='lat' dir='ltr'>Nescio</span> <span class='ocrx_word' id='word_1_336' title='bbox 2337 2485 2444 2544; x_wconf 82' lang='lat' dir='ltr'>Quo</span> <span class='ocrx_word' id='word_1_337' title='bbox 2483 2491 2620 2551; x_wconf 76' lang='lat' dir='ltr'>leges</span> 
     </span>
     <span class='ocr_line' id='line_1_32' title="bbox 378 2543 2622 2617; baseline 0.008 -28"><span class='ocrx_word' id='word_1_338' title='bbox 378 2543 611 2589; x_wconf 89' lang='lat' dir='ltr'>Statium.</span> <span class='ocrx_word' id='word_1_339' title='bbox 683 2543 737 2590; x_wconf 93' lang='lat' dir='ltr'>Si</span> <span class='ocrx_word' id='word_1_340' title='bbox 771 2544 906 2591; x_wconf 90' lang='lat' dir='ltr'>enim</span> <span class='ocrx_word' id='word_1_341' title='bbox 934 2543 1027 2600; x_wconf 91' lang='lat' dir='ltr'>Tu,</span> <span class='ocrx_word' id='word_1_342' title='bbox 1059 2544 1162 2592; x_wconf 93' lang='lat' dir='ltr'>levi</span> <span class='ocrx_word' id='word_1_343' title='bbox 1194 2545 1278 2592; x_wconf 89' lang='lat' dir='ltr'>vel</span> <span class='ocrx_word' id='word_1_344' title='bbox 1307 2544 1494 2591; x_wconf 92' lang='lat' dir='ltr'>usitata</span> <span class='ocrx_word' id='word_1_345' title='bbox 1518 2547 1795 2591; x_wconf 88' lang='lat' dir='ltr'>mutatione</span> <span class='ocrx_word' id='word_1_346' title='bbox 1828 2561 2032 2605; x_wconf 88' lang='lat' dir='ltr'>vocum,</span> <span class='ocrx_word' id='word_1_347' title='bbox 2067 2563 2137 2595; x_wconf 81' lang='lat' dir='ltr'>ex</span> <span class='ocrx_word' id='word_1_348' title='bbox 2171 2567 2230 2598; x_wconf 86' lang='lat' dir='ltr'>eo</span> <span class='ocrx_word' id='word_1_349' title='bbox 2264 2554 2398 2617; x_wconf 90' lang='lat' dir='ltr'>quod</span> <span class='ocrx_word' id='word_1_350' title='bbox 2430 2556 2622 2607; x_wconf 87' lang='lat' dir='ltr'>Absur-</span> 
     </span>
     <span class='ocr_line' id='line_1_33' title="bbox 381 2608 2621 2682; baseline 0.009 -26"><span class='ocrx_word' id='word_1_351' title='bbox 381 2608 504 2656; x_wconf 87' lang='lat' dir='ltr'>dum</span> <span class='ocrx_word' id='word_1_352' title='bbox 537 2617 645 2656; x_wconf 88' lang='lat' dir='ltr'>erat</span> <span class='ocrx_word' id='word_1_353' title='bbox 673 2611 760 2659; x_wconf 88' lang='lat' dir='ltr'>vel</span> <span class='ocrx_word' id='word_1_354' title='bbox 789 2624 891 2656; x_wconf 90' lang='lat' dir='ltr'>non</span> <span class='ocrx_word' id='word_1_355' title='bbox 923 2610 1332 2670; x_wconf 85' lang='lat' dir='ltr'>intelligendum,</span> <span class='ocrx_word' id='word_1_356' title='bbox 1380 2612 1573 2656; x_wconf 87' lang='lat' dir='ltr'>efficere</span> <span class='ocrx_word' id='word_1_357' title='bbox 1605 2619 1748 2674; x_wconf 87' lang='lat' dir='ltr'>potes</span> <span class='ocrx_word' id='word_1_358' title='bbox 1782 2612 1998 2661; x_wconf 90' lang='lat' dir='ltr'>Sensum</span> <span class='ocrx_word' id='word_1_359' title='bbox 2039 2621 2356 2682; x_wconf 89' lang='lat' dir='ltr'>perspicuum</span> <span class='ocrx_word' id='word_1_360' title='bbox 2402 2633 2455 2672; x_wconf 88' lang='lat' dir='ltr'>et</span> <span class='ocrx_word' id='word_1_361' title='bbox 2488 2629 2621 2677; x_wconf 89' lang='lat' dir='ltr'>vivi-</span> 
     </span>
     <span class='ocr_line' id='line_1_34' title="bbox 382 2676 2620 2744; baseline 0.009 -20"><span class='ocrx_word' id='word_1_362' title='bbox 382 2676 502 2725; x_wconf 90' lang='lat' dir='ltr'>dum</span> <span class='ocrx_word' id='word_1_363' title='bbox 519 2711 533 2735; x_wconf 93' lang='lat'>,</span> <span class='ocrx_word' id='word_1_364' title='bbox 566 2676 735 2724; x_wconf 88' lang='lat' dir='ltr'>Filum</span> <span class='ocrx_word' id='word_1_365' title='bbox 763 2679 1010 2740; x_wconf 73' lang='lat' dir='ltr'>poematis</span> <span class='ocrx_word' id='word_1_366' title='bbox 1041 2685 1093 2723; x_wconf 91' lang='lat' dir='ltr'>et</span> <span class='ocrx_word' id='word_1_367' title='bbox 1121 2693 1404 2725; x_wconf 88' lang='lat' dir='ltr'>sermonem</span> <span class='ocrx_word' id='word_1_368' title='bbox 1435 2685 1563 2740; x_wconf 16' lang='lat' dir='ltr'>apte*</span> <span class='ocrx_word' id='word_1_369' title='bbox 1587 2694 1872 2728; x_wconf 84' lang='lat' dir='ltr'>connexum</span> <span class='ocrx_word' id='word_1_370' title='bbox 1900 2685 2315 2744; x_wconf 84' lang='lat' dir='ltr'>praecedentibus</span> <span class='ocrx_word' id='word_1_371' title='bbox 2360 2700 2412 2739; x_wconf 92' lang='lat' dir='ltr'>et</span> <span class='ocrx_word' id='word_1_372' title='bbox 2447 2695 2620 2744; x_wconf 89' lang='lat' dir='ltr'>subse-</span> 
     </span>
     <span class='ocr_line' id='line_1_35' title="bbox 383 2744 2616 2819; baseline 0.01 -29"><span class='ocrx_word' id='word_1_373' title='bbox 383 2744 665 2808; x_wconf 89' lang='lat' dir='ltr'>quentibus,</span> <span class='ocrx_word' id='word_1_374' title='bbox 701 2745 948 2792; x_wconf 88' lang='lat' dir='ltr'>Numeros</span> <span class='ocrx_word' id='word_1_375' title='bbox 984 2744 1294 2807; x_wconf 87' lang='lat' dir='ltr'>aequabiles,</span> <span class='ocrx_word' id='word_1_376' title='bbox 1334 2752 1386 2792; x_wconf 90' lang='lat' dir='ltr'>et</span> <span class='ocrx_word' id='word_1_377' title='bbox 1421 2747 1597 2793; x_wconf 86' lang='lat' dir='ltr'>ceteris</span> <span class='ocrx_word' id='word_1_378' title='bbox 1643 2747 1868 2808; x_wconf 88' lang='lat' dir='ltr'>ejusdem</span> <span class='ocrx_word' id='word_1_379' title='bbox 1903 2750 2087 2800; x_wconf 71' lang='lat' dir='ltr'>Poetae</span> <span class='ocrx_word' id='word_1_380' title='bbox 2127 2771 2274 2819; x_wconf 88' lang='lat' dir='ltr'>pares</span> <span class='ocrx_word' id='word_1_381' title='bbox 2317 2767 2369 2807; x_wconf 89' lang='lat' dir='ltr'>et</span> <span class='ocrx_word' id='word_1_382' title='bbox 2403 2763 2616 2812; x_wconf 88' lang='lat' dir='ltr'>similes·-</span> 
     </span>
     <span class='ocr_line' id='line_1_36' title="bbox 383 2800 2616 2894; baseline 0.006 -33"><span class='ocrx_word' id='word_1_383' title='bbox 383 2811 623 2876; x_wconf 89' lang='lat' dir='ltr'>denique,</span> <span class='ocrx_word' id='word_1_384' title='bbox 665 2814 743 2860; x_wconf 93' lang='lat' dir='ltr'>cui</span> <span class='ocrx_word' id='word_1_385' title='bbox 774 2812 900 2859; x_wconf 89' lang='lat' dir='ltr'>nihil</span> <span class='ocrx_word' id='word_1_386' title='bbox 942 2812 1004 2860; x_wconf 92' lang='lat' dir='ltr'>ab</span> <span class='ocrx_word' id='word_1_387' title='bbox 1045 2813 1147 2860; x_wconf 91' lang='lat' dir='ltr'>ulla</span> <span class='ocrx_word' id='word_1_388' title='bbox 1182 2820 1324 2876; x_wconf 89' lang='lat' dir='ltr'>parte</span> <span class='ocrx_word' id='word_1_389' title='bbox 1364 2812 1511 2874; x_wconf 83' lang='lat' dir='ltr'>objici</span> <span class='ocrx_word' id='word_1_390' title='bbox 1540 2816 1722 2878; x_wconf 87' lang='lat' dir='ltr'>possit3</span> <span class='ocrx_word' id='word_1_391' title='bbox 1774 2819 1946 2865; x_wconf 89' lang='lat' dir='ltr'>statim</span> <span class='ocrx_word' id='word_1_392' title='bbox 1997 2821 2314 2885; x_wconf 88' lang='lat' dir='ltr'>exclamabo,</span> <span class='ocrx_word' id='word_1_393' title='bbox 2370 2800 2616 2894; x_wconf 59' lang='lat' dir='ltr'>ez‘s&#39;pryxag:</span> 
     </span>
     <span class='ocr_line' id='line_1_37' title="bbox 383 2879 2617 2954; baseline 0.009 -26"><span class='ocrx_word' id='word_1_394' title='bbox 383 2887 531 2943; x_wconf 90' lang='lat' dir='ltr'>atque</span> <span class='ocrx_word' id='word_1_395' title='bbox 564 2879 673 2938; x_wconf 93' lang='lat' dir='ltr'>hoc,</span> <span class='ocrx_word' id='word_1_396' title='bbox 704 2896 806 2928; x_wconf 92' lang='lat' dir='ltr'>non</span> <span class='ocrx_word' id='word_1_397' title='bbox 831 2881 928 2927; x_wconf 91' lang='lat' dir='ltr'>isto</span> <span class='ocrx_word' id='word_1_398' title='bbox 961 2880 1139 2938; x_wconf 90' lang='lat' dir='ltr'>modo,</span> <span class='ocrx_word' id='word_1_399' title='bbox 1177 2880 1383 2929; x_wconf 71' lang='lat' dir='ltr'>Poetam</span> <span class='ocrx_word' id='word_1_400' title='bbox 1422 2883 1680 2945; x_wconf 89' lang='lat' dir='ltr'>scripsisse</span> <span class='ocrx_word' id='word_1_401' title='bbox 1711 2884 1926 2933; x_wconf 90' lang='lat' dir='ltr'>credam.</span> <span class='ocrx_word' id='word_1_402' title='bbox 1999 2887 2131 2946; x_wconf 80' lang='lat' dir='ltr'>Quid</span> <span class='ocrx_word' id='word_1_403' title='bbox 2171 2896 2305 2945; x_wconf 89' lang='lat' dir='ltr'>enim</span> <span class='ocrx_word' id='word_1_404' title='bbox 2328 2898 2372 2945; x_wconf 90' lang='lat' dir='ltr'>si</span> <span class='ocrx_word' id='word_1_405' title='bbox 2402 2897 2617 2954; x_wconf 88' lang='lat' dir='ltr'>Centum</span> 
     </span>
     <span class='ocr_line' id='line_1_38' title="bbox 384 2945 2080 3013; baseline 0.004 -17"><span class='ocrx_word' id='word_1_406' title='bbox 384 2945 594 2996; x_wconf 85' lang='lat' dir='ltr'>Codices</span> <span class='ocrx_word' id='word_1_407' title='bbox 626 2949 940 2997; x_wconf 87' lang='lat' dir='ltr'>consentiant</span> <span class='ocrx_word' id='word_1_408' title='bbox 974 2950 1030 2995; x_wconf 91' lang='lat' dir='ltr'>in</span> <span class='ocrx_word' id='word_1_409' title='bbox 1070 2948 1164 2996; x_wconf 92' lang='lat' dir='ltr'>hoc</span> <span class='ocrx_word' id='word_1_410' title='bbox 1205 2948 1398 3011; x_wconf 85' lang='lat' dir='ltr'>Virgilii</span> <span class='ocrx_word' id='word_1_411' title='bbox 1436 2949 1543 2997; x_wconf 91' lang='lat' dir='ltr'>loco</span> <span class='ocrx_word' id='word_1_412' title='bbox 1584 2950 1795 3000; x_wconf 88' lang='lat' dir='ltr'>Aeneid.</span> <span class='ocrx_word' id='word_1_413' title='bbox 1827 2953 1929 3013; x_wconf 87' lang='lat' dir='ltr'>le,</span> <span class='ocrx_word' id='word_1_414' title='bbox 1967 2959 2080 3005; x_wconf 88' lang='grc'><strong>593.</strong></span> 
     </span>
    </p>
   </div>
   <div class='ocr_carea' id='block_1_5' title="bbox 939 3028 2101 3142">
    <p class='ocr_par' dir='ltr' id='par_1_5' title="bbox 939 3028 2101 3142">
     <span class='ocr_line' id='line_1_39' title="bbox 941 3028 1946 3084; baseline 0.007 -18"><span class='ocrx_word' id='word_1_415' title='bbox 941 3028 1068 3067; x_wconf 77' lang='lat' dir='ltr'>Multa</span> <span class='ocrx_word' id='word_1_416' title='bbox 1096 3028 1201 3067; x_wconf 87' lang='lat' dir='ltr'>Deos</span> <span class='ocrx_word' id='word_1_417' title='bbox 1231 3042 1432 3080; x_wconf 72' lang='lat' dir='ltr'>Aumsquc</span> <span class='ocrx_word' id='word_1_418' title='bbox 1460 3036 1571 3080; x_wconf 82' lang='lat' dir='ltr'>pater</span> <span class='ocrx_word' id='word_1_419' title='bbox 1599 3038 1766 3070; x_wconf 84' lang='lat' dir='ltr'>testatus</span> <span class='ocrx_word' id='word_1_420' title='bbox 1795 3035 1946 3084; x_wconf 83' lang='lat' dir='ltr'>inanes,</span> 
     </span>
     <span class='ocr_line' id='line_1_40' title="bbox 939 3084 2101 3142; baseline 0.01 -20"><span class='ocrx_word' id='word_1_421' title='bbox 939 3084 1170 3136; x_wconf 84' lang='lat' dir='ltr'>Frangimur</span> <span class='ocrx_word' id='word_1_422' title='bbox 1197 3086 1271 3124; x_wconf 90' lang='lat' dir='ltr'>heu</span> <span class='ocrx_word' id='word_1_423' title='bbox 1302 3087 1445 3133; x_wconf 69' lang='lat' dir='ltr'>vcntRS,</span> <span class='ocrx_word' id='word_1_424' title='bbox 1473 3088 1616 3136; x_wconf 88' lang='lat' dir='ltr'>inquit,</span> <span class='ocrx_word' id='word_1_425' title='bbox 1647 3089 1879 3141; x_wconf 83' lang='lat' dir='ltr'>ferimurque</span> <span class='ocrx_word' id='word_1_426' title='bbox 1910 3096 2101 3142; x_wconf 82' lang='lat' dir='ltr'>procella:</span> 
     </span>
    </p>
   </div>
   <div class='ocr_carea' id='block_1_6' title="bbox 386 3147 2162 3283">
    <p class='ocr_par' dir='ltr' id='par_1_6' title="bbox 386 3147 2162 3283">
     <span class='ocr_line' id='line_1_41' title="bbox 386 3147 2162 3221; baseline 0.008 -26"><span class='ocrx_word' id='word_1_427' title='bbox 386 3161 514 3196; x_wconf 85' lang='lat' dir='ltr'>anne</span> <span class='ocrx_word' id='word_1_428' title='bbox 548 3147 663 3195; x_wconf 85' lang='lat' dir='ltr'>ideo</span> <span class='ocrx_word' id='word_1_429' title='bbox 697 3148 954 3196; x_wconf 86' lang='lat' dir='ltr'>dubitares</span> <span class='ocrx_word' id='word_1_430' title='bbox 988 3150 1043 3196; x_wconf 91' lang='lat' dir='ltr'>in</span> <span class='ocrx_word' id='word_1_431' title='bbox 1080 3148 1388 3198; x_wconf 85' lang='lat' dir='ltr'>Contextum</span> <span class='ocrx_word' id='word_1_432' title='bbox 1426 3151 1709 3212; x_wconf 89' lang='lat' dir='ltr'>admittere,</span> <span class='ocrx_word' id='word_1_433' title='bbox 1746 3169 1815 3202; x_wconf 84' lang='lat' dir='ltr'>ex</span> <span class='ocrx_word' id='word_1_434' title='bbox 1852 3155 2162 3221; x_wconf 86' lang='lat' dir='ltr'>Conjectura,</span> 
     </span>
     <span class='ocr_line' id='line_1_42' title="bbox 939 3228 1928 3283; baseline 0.008 -16"><span class='ocrx_word' id='word_1_435' title='bbox 939 3228 1066 3268; x_wconf 83' lang='lat' dir='ltr'>Multa</span> <span class='ocrx_word' id='word_1_436' title='bbox 1095 3230 1198 3269; x_wconf 84' lang='lat' dir='ltr'>Deos</span> <span class='ocrx_word' id='word_1_437' title='bbox 1228 3243 1404 3283; x_wconf 75' lang='lat' dir='ltr'>ARAsque</span> <span class='ocrx_word' id='word_1_438' title='bbox 1430 3239 1542 3283; x_wconf 85' lang='lat' dir='ltr'>pater</span> <span class='ocrx_word' id='word_1_439' title='bbox 1569 3239 1734 3273; x_wconf 74' lang='lat' dir='ltr'>testatus</span> <span class='ocrx_word' id='word_1_440' title='bbox 1763 3236 1928 3276; x_wconf 62' lang='lat' dir='ltr'>inanes?</span> 
     </span>
    </p>
   </div>
  </div>
 </body>
</html>
