<?xml version="1.0" encoding="UTF-8"?>
<!DOCTYPE html PUBLIC "-//W3C//DTD XHTML 1.0 Transitional//EN"
    "http://www.w3.org/TR/xhtml1/DTD/xhtml1-transitional.dtd">
<html xmlns="http://www.w3.org/1999/xhtml" xml:lang="en" lang="en">
 <head>
  <title>
</title>
<meta http-equiv="Content-Type" content="text/html;charset=utf-8" />
  <meta name='ocr-system' content='tesseract 3.04.00' />
  <meta name='ocr-capabilities' content='ocr_page ocr_carea ocr_par ocr_line ocrx_word'/>
</head>
<body>
  <div class='ocr_page' id='page_1' title='image "./ppapiniistatiili00statuoft_0096.png"; bbox 0 0 2892 3840; ppageno 0'>
   <div class='ocr_carea' id='block_1_1' title="bbox 378 394 1945 461">
    <p class='ocr_par' dir='ltr' id='par_1_1' title="bbox 378 394 1945 461">
     <span class='ocr_line' id='line_1_1' title="bbox 378 394 1945 461; baseline -0.011 0"><span class='ocrx_word' id='word_1_1' title='bbox 378 413 446 461; x_wconf 82' lang='lat'><strong>60</strong></span> <span class='ocrx_word' id='word_1_2' title='bbox 1056 416 1101 453; x_wconf 88' lang='lat' dir='ltr'><strong>P.</strong></span> <span class='ocrx_word' id='word_1_3' title='bbox 1172 409 1550 451; x_wconf 84' lang='lat' dir='ltr'>PAP1N11</span> <span class='ocrx_word' id='word_1_4' title='bbox 1619 394 1945 448; x_wconf 54' lang='lat' dir='ltr'><strong>sris-ru</strong></span> 
     </span>
    </p>
   </div>
   <div class='ocr_carea' id='block_1_2' title="bbox 377 527 2892 1659">
    <p class='ocr_par' dir='ltr' id='par_1_2' title="bbox 377 527 2639 1132">
     <span class='ocr_line' id='line_1_2' title="bbox 377 527 2625 599; baseline -0.011 -15"><span class='ocrx_word' id='word_1_5' title='bbox 377 534 517 595; x_wconf 80' lang='lat' dir='ltr'><strong>Quae</strong></span> <span class='ocrx_word' id='word_1_6' title='bbox 548 544 734 599; x_wconf 87' lang='lat' dir='ltr'><strong>pronos</strong></span> <span class='ocrx_word' id='word_1_7' title='bbox 761 528 1067 598; x_wconf 85' lang='lat' dir='ltr'><strong>Hyperionis</strong></span> <span class='ocrx_word' id='word_1_8' title='bbox 1101 533 1299 576; x_wconf 88' lang='lat' dir='ltr'><strong>meatus</strong></span> <span class='ocrx_word' id='word_1_9' title='bbox 2557 527 2625 574; x_wconf 86' lang='lat'><strong>25</strong></span> 
     </span>
     <span class='ocr_line' id='line_1_3' title="bbox 378 615 1285 674; baseline -0.011 -1"><span class='ocrx_word' id='word_1_10' title='bbox 378 623 600 674; x_wconf 84' lang='lat' dir='ltr'>Summis</span> <span class='ocrx_word' id='word_1_11' title='bbox 639 620 824 670; x_wconf 82' lang='lat' dir='ltr'><strong>Oceani</strong></span> <span class='ocrx_word' id='word_1_12' title='bbox 854 618 1000 669; x_wconf 90' lang='lat' dir='ltr'><strong>vides</strong></span> <span class='ocrx_word' id='word_1_13' title='bbox 1028 619 1083 667; x_wconf 90' lang='lat' dir='ltr'><strong>in</strong></span> <span class='ocrx_word' id='word_1_14' title='bbox 1117 615 1285 674; x_wconf 88' lang='lat' dir='ltr'><strong>undis,</strong></span> 
     </span>
     <span class='ocr_line' id='line_1_4' title="bbox 381 701 1390 774; baseline -0.012 -10"><span class='ocrx_word' id='word_1_15' title='bbox 381 713 760 774; x_wconf 77' lang='lat' dir='ltr'><strong>stridoremque</strong></span> <span class='ocrx_word' id='word_1_16' title='bbox 788 714 930 758; x_wconf 87' lang='lat' dir='ltr'><strong>rotae</strong></span> <span class='ocrx_word' id='word_1_17' title='bbox 966 705 1192 756; x_wconf 89' lang='lat' dir='ltr'><strong>cadentis</strong></span> <span class='ocrx_word' id='word_1_18' title='bbox 1221 701 1390 753; x_wconf 84' lang='lat' dir='ltr'><strong>audis:</strong></span> 
     </span>
     <span class='ocr_line' id='line_1_5' title="bbox 382 794 1297 863; baseline -0.011 -12"><span class='ocrx_word' id='word_1_19' title='bbox 382 802 520 863; x_wconf 80' lang='lat' dir='ltr'><strong>Quae</strong></span> <span class='ocrx_word' id='word_1_20' title='bbox 558 797 817 848; x_wconf 85' lang='lat' dir='ltr'><strong>Tritonide</strong></span> <span class='ocrx_word' id='word_1_21' title='bbox 848 795 1039 845; x_wconf 88' lang='lat' dir='ltr'><strong>fertiles</strong></span> <span class='ocrx_word' id='word_1_22' title='bbox 1069 794 1297 843; x_wconf 84' lang='lat' dir='ltr'><strong>Athenas</strong></span> 
     </span>
     <span class='ocr_line' id='line_1_6' title="bbox 382 883 1373 949; baseline -0.013 -8"><span class='ocrx_word' id='word_1_23' title='bbox 382 891 580 949; x_wconf 87' lang='lat' dir='ltr'><strong>Unctis,</strong></span> <span class='ocrx_word' id='word_1_24' title='bbox 614 888 840 944; x_wconf 88' lang='lat' dir='ltr'><strong>Baetica,</strong></span> <span class='ocrx_word' id='word_1_25' title='bbox 873 899 1118 949; x_wconf 82' lang='lat' dir='ltr'><strong>provocas</strong></span> <span class='ocrx_word' id='word_1_26' title='bbox 1148 883 1373 948; x_wconf 85' lang='lat' dir='ltr'><strong>trapetis.</strong></span> 
     </span>
     <span class='ocr_line' id='line_1_7' title="bbox 383 960 2639 1040; baseline -0.009 -12"><span class='ocrx_word' id='word_1_27' title='bbox 383 981 640 1029; x_wconf 90' lang='lat' dir='ltr'><strong>Lucanum</strong></span> <span class='ocrx_word' id='word_1_28' title='bbox 667 983 812 1040; x_wconf 90' lang='lat' dir='ltr'><strong>potes</strong></span> <span class='ocrx_word' id='word_1_29' title='bbox 840 975 1092 1038; x_wconf 89' lang='lat' dir='ltr'><strong>imputare</strong></span> <span class='ocrx_word' id='word_1_30' title='bbox 1124 973 1294 1032; x_wconf 90' lang='lat' dir='ltr'><strong>terris;</strong></span> <span class='ocrx_word' id='word_1_31' title='bbox 1704 1000 1719 1014; x_wconf 46' lang='grc' dir='ltr'><em>η</em></span> <span class='ocrx_word' id='word_1_32' title='bbox 2571 960 2639 1018; x_wconf 83' lang='lat'><strong>30</strong></span> 
     </span>
     <span class='ocr_line' id='line_1_8' title="bbox 385 1059 1654 1132; baseline -0.006 -17"><span class='ocrx_word' id='word_1_33' title='bbox 385 1069 494 1116; x_wconf 91' lang='lat' dir='ltr'><strong>Hoc</strong></span> <span class='ocrx_word' id='word_1_34' title='bbox 525 1068 637 1132; x_wconf 92' lang='lat' dir='ltr'><strong>plus</strong></span> <span class='ocrx_word' id='word_1_35' title='bbox 670 1079 820 1129; x_wconf 89' lang='lat' dir='ltr'><strong>quam</strong></span> <span class='ocrx_word' id='word_1_36' title='bbox 855 1063 1099 1112; x_wconf 84' lang='lat' dir='ltr'><strong>Senecam</strong></span> <span class='ocrx_word' id='word_1_37' title='bbox 1132 1061 1334 1111; x_wconf 87' lang='lat' dir='ltr'><strong>dedisse</strong></span> <span class='ocrx_word' id='word_1_38' title='bbox 1367 1059 1577 1119; x_wconf 79' lang='lat' dir='ltr'><strong>munde,</strong></span> <span class='ocrx_word' id='word_1_39' title='bbox 1650 1064 1654 1068; x_wconf 78' lang='grc'><strong>“</strong></span> 
     </span>
    </p>

    <p class='ocr_par' dir='ltr' id='par_1_3' title="bbox 384 1151 1345 1216">
     <span class='ocr_line' id='line_1_9' title="bbox 384 1151 1345 1216; baseline -0.007 -12"><span class='ocrx_word' id='word_1_40' title='bbox 384 1157 489 1206; x_wconf 92' lang='lat' dir='ltr'><strong>Aut</strong></span> <span class='ocrx_word' id='word_1_41' title='bbox 517 1155 713 1203; x_wconf 88' lang='lat' dir='ltr'><strong>dulcem</strong></span> <span class='ocrx_word' id='word_1_42' title='bbox 748 1166 1012 1216; x_wconf 85' lang='lat' dir='ltr'><strong>generasse</strong></span> <span class='ocrx_word' id='word_1_43' title='bbox 1051 1151 1345 1199; x_wconf 87' lang='lat' dir='ltr'><strong>Gallionem.</strong></span> 
     </span>
    </p>

    <p class='ocr_par' dir='ltr' id='par_1_4' title="bbox 386 1236 2892 1382">
     <span class='ocr_line' id='line_1_10' title="bbox 386 1236 2892 1300; baseline -0.007 -7"><span class='ocrx_word' id='word_1_44' title='bbox 386 1244 601 1293; x_wconf 87' lang='lat' dir='ltr'><strong>Attollat</strong></span> <span class='ocrx_word' id='word_1_45' title='bbox 627 1243 810 1291; x_wconf 90' lang='lat' dir='ltr'><strong>refluos</strong></span> <span class='ocrx_word' id='word_1_46' title='bbox 845 1244 901 1290; x_wconf 91' lang='lat' dir='ltr'><strong>in</strong></span> <span class='ocrx_word' id='word_1_47' title='bbox 929 1248 1066 1289; x_wconf 91' lang='lat' dir='ltr'><strong>astra</strong></span> <span class='ocrx_word' id='word_1_48' title='bbox 1094 1240 1260 1288; x_wconf 89' lang='lat' dir='ltr'><strong>fontes</strong></span> <span class='ocrx_word' id='word_1_49' title='bbox 2868 1236 2892 1300; x_wconf 40' lang='grc' dir='ltr'><strong>’ἦ</strong></span> 
     </span>
     <span class='ocr_line' id='line_1_11' title="bbox 386 1329 1209 1382; baseline -0.007 0"><span class='ocrx_word' id='word_1_50' title='bbox 386 1335 538 1382; x_wconf 88' lang='lat' dir='ltr'><strong>Graio</strong></span> <span class='ocrx_word' id='word_1_51' title='bbox 570 1332 786 1380; x_wconf 88' lang='lat' dir='ltr'><strong>nobilior</strong></span> <span class='ocrx_word' id='word_1_52' title='bbox 815 1330 999 1378; x_wconf 91' lang='lat' dir='ltr'><strong>Melete</strong></span> <span class='ocrx_word' id='word_1_53' title='bbox 1025 1329 1209 1377; x_wconf 77' lang='lat' dir='ltr'><strong>BaetIs.</strong></span> 
     </span>
    </p>

    <p class='ocr_par' dir='ltr' id='par_1_5' title="bbox 385 1416 2639 1574">
     <span class='ocr_line' id='line_1_12' title="bbox 385 1416 2639 1484; baseline -0.008 -15"><span class='ocrx_word' id='word_1_54' title='bbox 385 1422 591 1479; x_wconf 87' lang='lat' dir='ltr'><strong>Baetin,</strong></span> <span class='ocrx_word' id='word_1_55' title='bbox 622 1420 858 1478; x_wconf 83' lang='lat' dir='ltr'><strong>Mantua,</strong></span> <span class='ocrx_word' id='word_1_56' title='bbox 889 1434 1163 1484; x_wconf 91' lang='lat' dir='ltr'><strong>provocare</strong></span> <span class='ocrx_word' id='word_1_57' title='bbox 1196 1416 1316 1464; x_wconf 88' lang='lat' dir='ltr'><strong>noli.</strong></span> <span class='ocrx_word' id='word_1_58' title='bbox 2575 1421 2639 1466; x_wconf 87' lang='lat'><strong>35</strong></span> 
     </span>
     <span class='ocr_line' id='line_1_13' title="bbox 387 1505 1603 1574; baseline -0.005 -16"><span class='ocrx_word' id='word_1_59' title='bbox 387 1510 576 1560; x_wconf 90' lang='lat' dir='ltr'><strong>Natum</strong></span> <span class='ocrx_word' id='word_1_60' title='bbox 608 1516 846 1574; x_wconf 89' lang='lat' dir='ltr'><strong>protenus</strong></span> <span class='ocrx_word' id='word_1_61' title='bbox 860 1542 874 1567; x_wconf 94' lang='lat'><strong>,</strong></span> <span class='ocrx_word' id='word_1_62' title='bbox 910 1515 1058 1573; x_wconf 91' lang='lat' dir='ltr'><strong>atque</strong></span> <span class='ocrx_word' id='word_1_63' title='bbox 1083 1509 1293 1556; x_wconf 90' lang='lat' dir='ltr'><strong>humum</strong></span> <span class='ocrx_word' id='word_1_64' title='bbox 1322 1520 1413 1570; x_wconf 84' lang='lat' dir='ltr'><strong>per</strong></span> <span class='ocrx_word' id='word_1_65' title='bbox 1438 1505 1603 1571; x_wconf 87' lang='lat' dir='ltr'><strong>ipsam</strong></span> 
     </span>
    </p>

    <p class='ocr_par' dir='ltr' id='par_1_6' title="bbox 389 1597 2892 1659">
     <span class='ocr_line' id='line_1_14' title="bbox 389 1597 2892 1659; baseline -0.008 -11"><span class='ocrx_word' id='word_1_66' title='bbox 389 1600 558 1647; x_wconf 90' lang='lat' dir='ltr'><strong>Primo</strong></span> <span class='ocrx_word' id='word_1_67' title='bbox 590 1612 846 1646; x_wconf 90' lang='lat' dir='ltr'><strong>murmure</strong></span> <span class='ocrx_word' id='word_1_68' title='bbox 875 1597 1016 1645; x_wconf 88' lang='lat' dir='ltr'><strong>dulce</strong></span> <span class='ocrx_word' id='word_1_69' title='bbox 1050 1599 1339 1659; x_wconf 85' lang='lat' dir='ltr'><strong>vagientem</strong></span> <span class='ocrx_word' id='word_1_70' title='bbox 1842 1654 1847 1659; x_wconf 91' lang='lat'><em>.</em></span> <span class='ocrx_word' id='word_1_71' title='bbox 2877 1599 2892 1628; x_wconf 45' lang='grc' dir='ltr'><strong>,ὅ</strong></span> 
     </span>
    </p>
   </div>
   <div class='ocr_carea' id='block_1_3' title="bbox 2709 0 2892 1167">
    <p class='ocr_par' dir='ltr' id='par_1_7' title="bbox 2709 0 2892 1167">
     <span class='ocr_line' id='line_1_15' title="bbox 2709 0 2892 1167; baseline 0 0"><span class='ocrx_word' id='word_1_72' title='bbox 2709 0 2892 1167; x_wconf 95' lang='lat' dir='ltr'><strong> </strong></span> 
     </span>
    </p>
   </div>
   <div class='ocr_carea' id='block_1_4' title="bbox 388 1688 2892 2195">
    <p class='ocr_par' dir='ltr' id='par_1_8' title="bbox 388 1688 2892 2195">
     <span class='ocr_line' id='line_1_16' title="bbox 388 1688 1221 1753; baseline -0.004 -15"><span class='ocrx_word' id='word_1_73' title='bbox 388 1689 581 1739; x_wconf 90' lang='lat' dir='ltr'><strong>Blando</strong></span> <span class='ocrx_word' id='word_1_74' title='bbox 618 1688 841 1752; x_wconf 89' lang='lat' dir='ltr'><strong>Calliope</strong></span> <span class='ocrx_word' id='word_1_75' title='bbox 873 1690 987 1736; x_wconf 89' lang='lat' dir='ltr'><strong>sinu</strong></span> <span class='ocrx_word' id='word_1_76' title='bbox 1018 1690 1221 1753; x_wconf 88' lang='lat' dir='ltr'><strong>recepit.</strong></span> 
     </span>
     <span class='ocr_line' id='line_1_17' title="bbox 393 1777 1372 1843; baseline -0.003 -16"><span class='ocrx_word' id='word_1_77' title='bbox 393 1778 524 1827; x_wconf 90' lang='lat' dir='ltr'><strong>Tum</strong></span> <span class='ocrx_word' id='word_1_78' title='bbox 557 1779 774 1843; x_wconf 90' lang='lat' dir='ltr'><strong>primum</strong></span> <span class='ocrx_word' id='word_1_79' title='bbox 802 1778 968 1842; x_wconf 89' lang='lat' dir='ltr'><strong>posito</strong></span> <span class='ocrx_word' id='word_1_80' title='bbox 999 1778 1213 1826; x_wconf 87' lang='lat' dir='ltr'><strong>remissa</strong></span> <span class='ocrx_word' id='word_1_81' title='bbox 1237 1777 1372 1826; x_wconf 93' lang='lat' dir='ltr'><strong>luctu</strong></span> 
     </span>
     <span class='ocr_line' id='line_1_18' title="bbox 391 1859 2892 1930; baseline -0.004 -13"><span class='ocrx_word' id='word_1_82' title='bbox 391 1867 590 1930; x_wconf 84' lang='lat' dir='ltr'><strong>Longos</strong></span> <span class='ocrx_word' id='word_1_83' title='bbox 621 1866 848 1930; x_wconf 89' lang='lat' dir='ltr'><strong>Orpheos</strong></span> <span class='ocrx_word' id='word_1_84' title='bbox 881 1867 1027 1912; x_wconf 88' lang='lat' dir='ltr'><strong>exuit</strong></span> <span class='ocrx_word' id='word_1_85' title='bbox 1061 1866 1281 1913; x_wconf 90' lang='lat' dir='ltr'><strong>dolores:</strong></span> <span class='ocrx_word' id='word_1_86' title='bbox 2573 1876 2640 1921; x_wconf 85' lang='lat'><strong>40</strong></span> <span class='ocrx_word' id='word_1_87' title='bbox 2871 1859 2892 1907; x_wconf 56' lang='grc' dir='ltr'><strong>ἐς</strong></span> 
     </span>
     <span class='ocr_line' id='line_1_19' title="bbox 390 1953 1290 2013; baseline -0.002 -9"><span class='ocrx_word' id='word_1_88' title='bbox 390 1957 461 2004; x_wconf 94' lang='lat' dir='ltr'><strong>Et</strong></span> <span class='ocrx_word' id='word_1_89' title='bbox 489 1956 650 2004; x_wconf 85' lang='lat' dir='ltr'><strong>dixit:</strong></span> <span class='ocrx_word' id='word_1_90' title='bbox 682 1967 814 2001; x_wconf 83' lang='lat' dir='ltr'><strong>PUER</strong></span> <span class='ocrx_word' id='word_1_91' title='bbox 844 1969 873 2000; x_wconf 91' lang='lat' dir='ltr'><strong>o</strong></span> <span class='ocrx_word' id='word_1_92' title='bbox 916 1953 1079 2001; x_wconf 88' lang='lat' dir='ltr'><strong>dicate</strong></span> <span class='ocrx_word' id='word_1_93' title='bbox 1112 1953 1290 2013; x_wconf 89' lang='lat' dir='ltr'><strong>Musis,</strong></span> 
     </span>
     <span class='ocr_line' id='line_1_20' title="bbox 389 2045 1320 2108; baseline -0.002 -14"><span class='ocrx_word' id='word_1_94' title='bbox 389 2046 686 2108; x_wconf 85' lang='lat' dir='ltr'><strong>Longaevos</strong></span> <span class='ocrx_word' id='word_1_95' title='bbox 722 2046 821 2091; x_wconf 91' lang='lat' dir='ltr'><strong>cito</strong></span> <span class='ocrx_word' id='word_1_96' title='bbox 852 2045 1122 2092; x_wconf 87' lang='lat' dir='ltr'><strong>transiture</strong></span> <span class='ocrx_word' id='word_1_97' title='bbox 1156 2052 1320 2103; x_wconf 87' lang='lat' dir='ltr'><strong>vates,</strong></span> 
     </span>
     <span class='ocr_line' id='line_1_21' title="bbox 390 2134 1458 2195; baseline -0.001 -12"><span class='ocrx_word' id='word_1_98' title='bbox 390 2134 506 2184; x_wconf 90' lang='lat' dir='ltr'><strong>Non</strong></span> <span class='ocrx_word' id='word_1_99' title='bbox 535 2142 591 2182; x_wconf 92' lang='lat' dir='ltr'><strong>tu</strong></span> <span class='ocrx_word' id='word_1_100' title='bbox 618 2135 850 2191; x_wconf 89' lang='lat' dir='ltr'><strong>flumina,</strong></span> <span class='ocrx_word' id='word_1_101' title='bbox 885 2148 978 2181; x_wconf 90' lang='lat' dir='ltr'><strong>nec</strong></span> <span class='ocrx_word' id='word_1_102' title='bbox 1012 2149 1184 2195; x_wconf 85' lang='lat' dir='ltr'><strong>greges</strong></span> <span class='ocrx_word' id='word_1_103' title='bbox 1219 2134 1458 2193; x_wconf 86' lang='lat' dir='ltr'><strong>ferarum,</strong></span> 
     </span>
    </p>
   </div>
   <div class='ocr_carea' id='block_1_5' title="bbox 390 2224 2892 2467">
    <p class='ocr_par' dir='ltr' id='par_1_9' title="bbox 390 2224 2892 2467">
     <span class='ocr_line' id='line_1_22' title="bbox 391 2224 2887 2289; baseline -0.003 -17"><span class='ocrx_word' id='word_1_104' title='bbox 391 2224 496 2275; x_wconf 93' lang='lat' dir='ltr'><strong>Nec</strong></span> <span class='ocrx_word' id='word_1_105' title='bbox 524 2225 712 2289; x_wconf 90' lang='lat' dir='ltr'><strong>plectro</strong></span> <span class='ocrx_word' id='word_1_106' title='bbox 746 2224 944 2271; x_wconf 89' lang='lat' dir='ltr'><strong>Geticas</strong></span> <span class='ocrx_word' id='word_1_107' title='bbox 973 2225 1203 2273; x_wconf 88' lang='lat' dir='ltr'><strong>movebis</strong></span> <span class='ocrx_word' id='word_1_108' title='bbox 1240 2238 1413 2272; x_wconf 90' lang='lat' dir='ltr'><strong>ornos:</strong></span> <span class='ocrx_word' id='word_1_109' title='bbox 2868 2244 2887 2273; x_wconf 39' lang='grc' dir='ltr'><strong>[ἑ</strong></span> 
     </span>
     <span class='ocr_line' id='line_1_23' title="bbox 393 2312 2639 2377; baseline 0.004 -16"><span class='ocrx_word' id='word_1_110' title='bbox 393 2313 496 2362; x_wconf 86' lang='lat' dir='ltr'><strong>Sed</strong></span> <span class='ocrx_word' id='word_1_111' title='bbox 530 2313 734 2376; x_wconf 88' lang='lat' dir='ltr'><strong>Septem</strong></span> <span class='ocrx_word' id='word_1_112' title='bbox 758 2313 904 2373; x_wconf 85' lang='lat' dir='ltr'><strong>juga,</strong></span> <span class='ocrx_word' id='word_1_113' title='bbox 938 2312 1273 2377; x_wconf 84' lang='lat' dir='ltr'><strong>Martiumque</strong></span> <span class='ocrx_word' id='word_1_114' title='bbox 1308 2313 1534 2376; x_wconf 86' lang='lat' dir='ltr'><strong>Tybrim,</strong></span> <span class='ocrx_word' id='word_1_115' title='bbox 2574 2327 2639 2371; x_wconf 88' lang='grc'><strong>45</strong></span> 
     </span>
     <span class='ocr_line' id='line_1_24' title="bbox 390 2399 2892 2467; baseline -0.003 -16"><span class='ocrx_word' id='word_1_116' title='bbox 390 2403 460 2452; x_wconf 90' lang='lat' dir='ltr'><strong>Et</strong></span> <span class='ocrx_word' id='word_1_117' title='bbox 490 2402 662 2450; x_wconf 88' lang='lat' dir='ltr'><strong>doctos</strong></span> <span class='ocrx_word' id='word_1_118' title='bbox 698 2402 931 2465; x_wconf 86' lang='lat' dir='ltr'><strong>Equites,</strong></span> <span class='ocrx_word' id='word_1_119' title='bbox 962 2410 1014 2448; x_wconf 91' lang='lat' dir='ltr'><strong>et</strong></span> <span class='ocrx_word' id='word_1_120' title='bbox 1049 2403 1311 2467; x_wconf 87' lang='lat' dir='ltr'><strong>eloquente</strong></span> <span class='ocrx_word' id='word_1_121' title='bbox 1449 2410 1459 2421; x_wconf 60' lang='lat'><em>⁵</em></span> <span class='ocrx_word' id='word_1_122' title='bbox 2869 2399 2892 2443; x_wconf 92' lang='lat'>*</span> 
     </span>
    </p>
   </div>
   <div class='ocr_carea' id='block_1_6' title="bbox 391 2488 2892 2912">
    <p class='ocr_par' dir='ltr' id='par_1_10' title="bbox 391 2488 2892 2912">
     <span class='ocr_line' id='line_1_25' title="bbox 395 2488 1382 2554; baseline 0.001 -14"><span class='ocrx_word' id='word_1_123' title='bbox 395 2488 559 2540; x_wconf 90' lang='lat' dir='ltr'><strong>Cantu</strong></span> <span class='ocrx_word' id='word_1_124' title='bbox 587 2495 894 2554; x_wconf 87' lang='lat' dir='ltr'><strong>purpureum</strong></span> <span class='ocrx_word' id='word_1_125' title='bbox 925 2491 1093 2539; x_wconf 91' lang='lat' dir='ltr'><strong>trahes</strong></span> <span class='ocrx_word' id='word_1_126' title='bbox 1127 2492 1382 2542; x_wconf 83' lang='lat' dir='ltr'><strong>Senatum.</strong></span> 
     </span>
     <span class='ocr_line' id='line_1_26' title="bbox 392 2573 1378 2642; baseline 0.002 -14"><span class='ocrx_word' id='word_1_127' title='bbox 392 2581 673 2631; x_wconf 87' lang='lat' dir='ltr'><strong>Nocturnas</strong></span> <span class='ocrx_word' id='word_1_128' title='bbox 704 2581 790 2628; x_wconf 90' lang='lat' dir='ltr'><strong>alii</strong></span> <span class='ocrx_word' id='word_1_129' title='bbox 819 2581 1074 2642; x_wconf 84' lang='lat' dir='ltr'><strong>Phrygum</strong></span> <span class='ocrx_word' id='word_1_130' title='bbox 1108 2585 1297 2641; x_wconf 90' lang='lat' dir='ltr'><strong>ruinas,</strong></span> <span class='ocrx_word' id='word_1_131' title='bbox 1376 2573 1378 2575; x_wconf 33' lang='grc'><strong><em>’</em></strong></span> 
     </span>
     <span class='ocr_line' id='line_1_27' title="bbox 391 2638 2892 2768; baseline 0.002 -51"><span class='ocrx_word' id='word_1_132' title='bbox 391 2669 462 2717; x_wconf 91' lang='lat' dir='ltr'><strong>Et</strong></span> <span class='ocrx_word' id='word_1_133' title='bbox 492 2669 634 2716; x_wconf 88' lang='lat' dir='ltr'><strong>tarde</strong></span> <span class='ocrx_word' id='word_1_134' title='bbox 665 2668 861 2716; x_wconf 90' lang='lat' dir='ltr'><strong>reducis</strong></span> <span class='ocrx_word' id='word_1_135' title='bbox 892 2671 1004 2718; x_wconf 91' lang='lat' dir='ltr'><strong>vias</strong></span> <span class='ocrx_word' id='word_1_136' title='bbox 1036 2669 1177 2717; x_wconf 82' lang='lat' dir='ltr'><strong>Ulixi</strong></span> <span class='ocrx_word' id='word_1_137' title='bbox 2678 2724 2681 2726; x_wconf 66' lang='grc'>,</span> <span class='ocrx_word' id='word_1_138' title='bbox 2772 2678 2777 2682; x_wconf 75' lang='grc'><strong>”</strong></span> <span class='ocrx_word' id='word_1_139' title='bbox 2860 2638 2892 2768; x_wconf 53' lang='grc' dir='ltr'><strong>ἐς</strong></span> 
     </span>
     <span class='ocr_line' id='line_1_28' title="bbox 391 2759 2640 2823; baseline 0.002 -17"><span class='ocrx_word' id='word_1_140' title='bbox 391 2759 462 2807; x_wconf 90' lang='lat' dir='ltr'><strong>Et</strong></span> <span class='ocrx_word' id='word_1_141' title='bbox 493 2771 713 2823; x_wconf 89' lang='lat' dir='ltr'><strong>puppem</strong></span> <span class='ocrx_word' id='word_1_142' title='bbox 744 2760 1064 2807; x_wconf 87' lang='lat' dir='ltr'><strong>temerariam</strong></span> <span class='ocrx_word' id='word_1_143' title='bbox 1094 2760 1373 2820; x_wconf 87' lang='lat' dir='ltr'><strong>Minervae,</strong></span> <span class='ocrx_word' id='word_1_144' title='bbox 2572 2773 2640 2819; x_wconf 88' lang='lat'><strong>50</strong></span> 
     </span>
     <span class='ocr_line' id='line_1_29' title="bbox 396 2847 1319 2912; baseline 0.001 -16"><span class='ocrx_word' id='word_1_145' title='bbox 396 2847 538 2896; x_wconf 90' lang='lat' dir='ltr'><strong>Trita</strong></span> <span class='ocrx_word' id='word_1_146' title='bbox 566 2847 768 2897; x_wconf 87' lang='lat' dir='ltr'><strong>vatibus</strong></span> <span class='ocrx_word' id='word_1_147' title='bbox 805 2847 992 2906; x_wconf 88' lang='lat' dir='ltr'><strong>orbita,</strong></span> <span class='ocrx_word' id='word_1_148' title='bbox 1027 2858 1319 2912; x_wconf 88' lang='lat' dir='ltr'><strong>sequantur:</strong></span> 
     </span>
    </p>
   </div>
   <div class='ocr_carea' id='block_1_7' title="bbox 465 3145 708 3153">
    <p class='ocr_par' dir='ltr' id='par_1_11' title="bbox 465 3145 708 3153">
     <span class='ocr_line' id='line_1_30' title="bbox 465 3145 708 3153; baseline 0 687"><span class='ocrx_word' id='word_1_149' title='bbox 465 3145 708 3153; x_wconf 95' lang='lat' dir='ltr'><strong> </strong></span> 
     </span>
    </p>
   </div>
   <div class='ocr_carea' id='block_1_8' title="bbox 2853 3109 2892 3450">
    <p class='ocr_par' dir='ltr' id='par_1_12' title="bbox 2853 3109 2892 3450">
     <span class='ocr_line' id='line_1_31' title="bbox 2853 3109 2892 3450; baseline 0 390"><span class='ocrx_word' id='word_1_150' title='bbox 2853 3109 2892 3450; x_wconf 95' lang='lat' dir='ltr'><strong> </strong></span> 
     </span>
    </p>
   </div>
   <div class='ocr_carea' id='block_1_9' title="bbox 397 2934 2892 3685">
    <p class='ocr_par' dir='ltr' id='par_1_13' title="bbox 397 2918 2892 3257">
     <span class='ocr_line' id='line_1_32' title="bbox 397 2934 2892 3002; baseline 0.004 -17"><span class='ocrx_word' id='word_1_151' title='bbox 397 2937 475 2985; x_wconf 92' lang='lat' dir='ltr'><strong>Tu</strong></span> <span class='ocrx_word' id='word_1_152' title='bbox 510 2951 651 2985; x_wconf 89' lang='lat' dir='ltr'><strong>carus</strong></span> <span class='ocrx_word' id='word_1_153' title='bbox 678 2936 851 2993; x_wconf 89' lang='lat' dir='ltr'><strong>Latio,</strong></span> <span class='ocrx_word' id='word_1_154' title='bbox 887 2951 1176 3002; x_wconf 87' lang='lat' dir='ltr'><strong>memorque</strong></span> <span class='ocrx_word' id='word_1_155' title='bbox 1210 2941 1372 3001; x_wconf 88' lang='lat' dir='ltr'><strong>gentis</strong></span> <span class='ocrx_word' id='word_1_156' title='bbox 2867 2934 2892 2957; x_wconf 51' lang='grc'><strong>“</strong></span> 
     </span>
     <span class='ocr_line' id='line_1_33' title="bbox 399 3010 2883 3088; baseline 0.005 -17"><span class='ocrx_word' id='word_1_157' title='bbox 399 3024 614 3072; x_wconf 88' lang='lat' dir='ltr'><strong>Carmen</strong></span> <span class='ocrx_word' id='word_1_158' title='bbox 643 3026 820 3072; x_wconf 85' lang='lat' dir='ltr'><strong>sortior</strong></span> <span class='ocrx_word' id='word_1_159' title='bbox 852 3037 1031 3074; x_wconf 90' lang='lat' dir='ltr'><strong>exeres</strong></span> <span class='ocrx_word' id='word_1_160' title='bbox 1065 3034 1303 3088; x_wconf 86' lang='lat' dir='ltr'><strong>togatum.</strong></span> <span class='ocrx_word' id='word_1_161' title='bbox 2878 3010 2883 3029; x_wconf 26' lang='grc' dir='ltr'><strong>ζ’</strong></span> 
     </span>
     <span class='ocr_line' id='line_1_34' title="bbox 488 3210 2866 3257; baseline 0.011 -19"><span class='ocrx_word' id='word_1_162' title='bbox 488 3210 527 3239; x_wconf 88' lang='lat' dir='ltr'><strong>v.</strong></span> <span class='ocrx_word' id='word_1_163' title='bbox 552 3210 607 3240; x_wconf 79' lang='grc'><strong>46.</strong></span> <span class='ocrx_word' id='word_1_164' title='bbox 634 3211 672 3240; x_wconf 86' lang='lat' dir='ltr'><strong>L.</strong></span> <span class='ocrx_word' id='word_1_165' title='bbox 698 3218 823 3244; x_wconf 67' lang='lat' dir='ltr'><strong>cusos</strong></span> <span class='ocrx_word' id='word_1_166' title='bbox 846 3213 993 3252; x_wconf 73' lang='lat' dir='ltr'><strong>Equites,</strong></span> <span class='ocrx_word' id='word_1_167' title='bbox 1040 3216 1096 3247; x_wconf 81' lang='grc'><strong>49.</strong></span> <span class='ocrx_word' id='word_1_168' title='bbox 1120 3217 1218 3257; x_wconf 85' lang='lat' dir='ltr'><strong>Vulg.</strong></span> <span class='ocrx_word' id='word_1_169' title='bbox 1242 3224 1366 3249; x_wconf 74' lang='lat' dir='ltr'><strong>TARm.</strong></span> <span class='ocrx_word' id='word_1_170' title='bbox 1415 3220 1467 3252; x_wconf 84' lang='lat'><strong>53.</strong></span> <span class='ocrx_word' id='word_1_171' title='bbox 1493 3224 1635 3251; x_wconf 62' lang='lat' dir='ltr'><strong>Eunus-</strong></span> <span class='ocrx_word' id='word_1_172' title='bbox 2861 3220 2866 3230; x_wconf 54' lang='lat'><strong>²</strong></span> 
     </span>
    </p>

    <p class='ocr_par' dir='ltr' id='par_1_14' title="bbox 2847 3515 2892 3581">
     <span class='ocr_line' id='line_1_35' title="bbox 2850 3515 2892 3577; baseline -0.044 3.867"><span class='ocrx_word' id='word_1_173' title='bbox 2850 3515 2892 3577; x_wconf 62' lang='lat' dir='ltr'><strong>v*</strong></span> 
     </span>
    </p>

    <p class='ocr_par' dir='ltr' id='par_1_15' title="bbox 2861 3645 2885 3685">
     <span class='ocr_line' id='line_1_36' title="bbox 2861 3645 2885 3685; baseline 0 0"><span class='ocrx_word' id='word_1_174' title='bbox 2861 3645 2885 3685; x_wconf 53' lang='grc' dir='ltr'><strong>ἐξ</strong></span> 
     </span>
    </p>
   </div>
  </div>
 </body>
</html>
