2892 3840
389 431 427 482 ’4
726 411 734 418 ’
1066 441 1963 486 P.PAP1N11s·rA·r11

385 555 482 616 Qui
513 555 676 604 fessus
709 555 852 604 bellis
868 589 883 615 ,
900 555 1135 605 ‚adscitae
1163 571 1374 606 munere
1399 559 1556 624 prolis

384 646 580 696 Primus
613 647 711 694 iter
741 646 927 694 nostris
965 645 1188 695 ostendit
1216 647 1273 695 in
1305 648 1512 699 aethera
1541 649 1705 704 Divis.

384 737 609 786 Discitur
640 751 668 782 e
698 734 843 785 vultu
879 740 1121 798 quantum
1151 741 1209 783 tu
1237 737 1409 787 mitior
1443 742 1626 802 armis;
2128 759 2131 761 ·
2572 742 2639 788 25

387 825 485 886 Qui
518 841 610 873 nec
645 826 700 872 in
732 830 971 871 externos
1007 823 1168 873 facilis
1203 828 1401 877 saevire
1438 828 1636 878 furores

385 916 492 964 Das
529 913 688 963 Cattis
716 914 965 976 Dacisque
1001 912 1178 962 fidem:
1207 921 1258 961 te
1286 916 1431 977 signa
1463 916 1661 966 ferente

387 1006 456 1053 Et
490 1006 654 1053 minor
678 1005 733 1051 in
761 1003 896 1064 leges
923 1002 1022 1049 iret
1056 1017 1233 1064 gener,
1267 1009 1320 1050 et
1349 1001 1475 1052 Cato
1509 1007 1699 1056 castris.
1798 1029 1807 1056 ,J
1841 1037 1845 1045 1
1936 1007 1939 1009 ’
2286 1023 2293 1034 ”
2324 1000 2382 1046 ‘u'

389 1094 461 1142 At
493 1095 706 1142 laterum
738 1107 916 1158 passus
948 1091 1066 1139 hinc
1101 1090 1235 1140 Julia
1267 1100 1400 1141 tecta
1435 1101 1657 1154 tuentur,

389 1183 527 1230 Illinc
561 1182 784 1245 belligeri
814 1182 1041 1230 sublimis
1069 1183 1209 1245 regia
1237 1181 1392 1230 Pauli.
1733 1247 1735 1249 ‚
2181 1180 2187 1184 ’
2582 1189 2650 1236 30

394 1272 555 1333 Terga
584 1271 759 1330 Pater,
792 1271 1074 1335 blandoque
1104 1271 1248 1321 videt
1279 1270 1560 1322 Concordia
1590 1274 1754 1325 vultu,

392 1361 503 1425 Ipse
539 1368 709 1409 autem
741 1376 867 1425 puro
902 1360 1089 1408 celsum
1125 1369 1274 1426 caput
1305 1365 1420 1411 aiire
1447 1371 1622 1428 septus

396 1450 607 1514 Templa
638 1450 976 1515 superfulges,
1004 1457 1056 1496 et
1090 1458 1410 1516 prospectare
1446 1451 1638 1502 videris

396 1538 478 1586 An
508 1554 644 1589 nova
675 1541 974 1603 contemptis
1012 1548 1219 1603 surgant
1247 1541 1455 1605 pallatia
1478 1542 1696 1592 flammis

396 1628 676 1676 Pulchrius:
710 1645 776 1677 an
809 1630 961 1677 tacita
987 1632 1163 1693 vigilet
1193 1631 1301 1678 face
1334 1631 1538 1691 Troi'cus
1566 1634 1713 1695 ignis,
2583 1639 2645 1684 35

398 1718 564 1782 Atque
596 1720 883 1784 exploratas
911 1720 1019 1782 jam
1053 1720 1226 1768 laudet
1254 1720 1409 1769 Vesta
1440 1723 1712 1770 ministras.

400 1809 599 1856 Dextra
634 1816 774 1858 vetat
798 1824 1016 1873 pugnas:
1056 1810 1256 1859 laevam
1287 1810 1516 1859 Tritonia
1541 1813 1706 1875 virgo'

401 1896 516 1945 Non
549 1906 749 1960 gravat,
780 1906 832 1945 et
866 1907 1029 1947 sectae
1065 1900 1352 1964 praetendit
1381 1902 1506 1948 colla
1535 1901 1793 1961 Medusae,

405 1985 510 2035 Ceu
537 1988 752 2035 stimulis
790 1988 1028 2037 accendat
1057 2004 1252 2052 equum.
1321 2005 1415 2038 nec
1443 1991 1633 2040 dulcior
1659 2006 1873 2058 usquam

404 2077 558 2125 Lecta
587 2077 711 2125 deae
744 2077 914 2137 sedes;
946 2093 1039 2126 nec
1074 2079 1144 2136 si,
1173 2078 1344 2138 Pater,
1378 2082 1487 2145 ipse
1521 2088 1734 2130 teneres.
2584 2091 2652 2134 40

405 2167 638 2225 Pectora,
670 2182 796 2230 quae
837 2151 1014 2214 mundi
1036 2167 1241 2216 valeant
1273 2168 1509 2217 evolvere
1540 2184 1701 2229 ouras,

407 2257 475 2304 Et
501 2255 607 2320 quis
635 2272 687 2303 se
717 2258 836 2303 totis
869 2256 1081 2303 Temese
1118 2255 1260 2303 dedit
1291 2256 1473 2306 hausta
1501 2258 1735 2306 metallis.

408 2347 453 2394 It
484 2354 623 2408 tergo
650 2345 871 2394 demissa
902 2346 1147 2408 chlamys:
1180 2346 1311 2394 latus
1348 2361 1466 2395 ense
1503 2349 1673 2412 quieto

411 2435 671 2495 Securum3
708 2450 918 2497 magnus
946 2444 1131 2500 quanto
1157 2450 1392 2483 mucrone
1423 2439 1646 2486 minatur

411 2523 650 2572 Noctibus
678 2524 928 2583 hibernis,
960 2533 1012 2571 et
1039 2524 1205 2572 sidera
1233 2533 1388 2573 terret
1415 2527 1582 2576 Orion.
2587 2541 2651 2585 45

412 2612 483 2659 At
512 2615 739 2677 sonipes,
775 2614 975 2661 habitus
1006 2616 1298 2677 animosque
1327 2608 1554 2665 imitatus
1586 2624 1858 2681 equestreS,

413 2701 590 2749 Acrius
622 2704 805 2750 attollit
828 2703 1021 2762 vultus,
1058 2718 1351 2767 cursumque
1386 2706 1630 2754 minatur:

416 2790 511 2839 Cui
544 2792 718 2853 rigidis
748 2800 884 2840 stant
920 2794 1044 2841 colla
1069 2793 1232 2855 jubis,
1264 2795 1512 2860 vivusque
1548 2812 1639 2862 per
1665 2810 1831 2848 armos

412 2881 659 2946 Impetus3
694 2891 746 2929 et
775 2884 928 2931 tantis
962 2884 1231 2931 calcaribus
1264 2884 1352 2932 ilia
1384 2885 1486 2932 late

416 2971 690 3020 Suffectura
712 2980 901 3037 patent.
969 2988 1158 3023 vacuae
1187 2989 1278 3038 pro
1312 2976 1498 3039 cespite
1533 2984 1695 3026 terrae
2558 3021 2560 3024 .
2590 2986 2656 3031 50

415 3060 580 3109 Aerea
616 3064 803 3127 captivi
834 3064 1021 3111 crinem
1053 3065 1174 3142 terit
1197 3065 1382 3127 ungula
1409 3065 1583 3114 Rheni.

513 3273 552 3303 V.
574 3275 630 3305 28.
649 3274 772 3316 Forte,
796 3276 879 3307 cato
895 3283 1038 3308 JUSTAS.
1085 3278 1140 3308 29.
1167 3277 1265 3318 vulg.
1289 3284 1443 3310 remu.
1489 3278 1547 3311 40.
1570 3285 1634 3311 s1c.
1681 3280 1738 3311 42.
1764 3286 1831 3312 cm.
1880 3282 1934 3312 51.
1959 3279 2055 3320 Vulg.
2079 3281 2212 3312 Anum.
