2892 3840
888 427 1368 467 sinvsnuu
1434 415 1702 464 Lini·
2361 415 2428 463 23

184 545 255 593 Et
284 545 474 592 ferrum
507 544 725 592 mulcere
754 553 884 607 toga.
952 545 1024 591 sic
1048 544 1151 590 itur
1188 541 1245 588 in
1276 541 1382 588 alta

183 633 392 682 Pectora
405 668 420 692 ,
454 635 527 682 sic
557 635 724 681 mixto
758 634 1044 686 reverentia
1075 646 1131 679 se
1162 630 1253 681 dat
1284 631 1459 678 amori.

183 723 298 788 lpsa
324 725 479 772 etiam
512 731 714 772 cunctos
747 724 915 786 gravis
944 721 1267 769 inclementia
1301 720 1395 768 fati
2367 721 2434 765 50

185 811 415 872 Terruit,
448 820 501 860 et
533 812 687 860 subiti
718 826 958 876 praeceps
983 810 1210 873 jilvenile
1243 809 1434 874 pericli,
2366 810 2372 817 ‘

0 869 28 992 Ξ
182 902 268 951 Nil
302 910 565 951 cunctante
593 902 743 950 malo.
810 915 915 948 non
946 899 1072 946 illud
1098 899 1245 962 culpa
1274 905 1523 956 senectae,

0 988 25 1041 {is
185 990 403 1069 (Quippe
434 1007 496 1039 ea
524 991 739 1039 bissenis
766 991 863 1039 vix
891 988 1014 1036 dum
1045 1002 1161 1034 orsa
1186 987 1435 1034 excedere
1462 988 1654 1053 lustris)

184 1082 287 1130 Sed
319 1081 460 1129 labor
492 1079 793 1137 intendens,
817 1077 1072 1139 animique
1103 1076 1159 1121 in
1190 1075 1419 1121 membra
1448 1077 1668 1136 vigentis

184 1170 478 1234 Imperium,
513 1168 790 1231 vigilesque
820 1181 912 1214 suo
946 1179 1038 1228 pro
1074 1160 1291 1210 Caesare
1326 1177 1491 1221 curae,
2369 1168 2432 1212 55

183 1261 341 1309 Dulce
371 1274 511 1324 opus.
582 1259 699 1307 hinc
726 1259 887 1307 fessos
918 1257 1120 1322 penitus
1149 1254 1403 1319 subrepsit
1430 1257 1487 1303 in
1517 1263 1657 1304 artus

182 1349 431 1399 insidiosa
456 1351 626 1415 quies,
658 1357 711 1397 et
741 1350 885 1413 pigra
918 1347 1106 1396 oblivia
1139 1347 1293 1395 vitae.

184 1441 325 1488 Tunc
357 1441 524 1498 Deus,
553 1440 726 1504 Alpini
760 1440 844 1504 qui
867 1439 1020 1501 Juxta
1053 1436 1270 1483 culmina
1298 1436 1435 1486 dorsi

186 1530 363 1592 Signat
394 1529 661 1593 Apollineo
695 1536 894 1577 sanctos
930 1527 1224 1588 cognomine
1256 1526 1395 1574 lucos

2 1619 20 1667 >jz
182 1620 429 1684 Respicit,
455 1619 556 1666 heu
586 1620 716 1667 tanti
748 1617 947 1684 pridem
977 1631 1180 1663 securus
1211 1617 1403 1664 alumni
2370 1618 2438 1663 60
2503 1614 2506 1618 ’

182 1709 550 1773 Perpessusque
583 1723 776 1756 moras:
804 1706 917 1755 Huc
950 1721 1173 1765 mecmn,
1206 1707 1486 1772 Epidauria
1515 1709 1698 1772 proles,

182 1798 323 1858 Huc,
354 1800 469 1847 altis
501 1799 750 1861 gaudens3
782 1798 931 1846 datur
960 1797 1298 1860 aggredienda
1330 1799 1542 1848 facultas

181 1895 438 1952 Ingentem
473 1905 699 1936 recreare
733 1890 924 1937 virum:
960 1896 1221 1936 teneamus
1259 1889 1425 1937 adorti

184 1978 471 2027 Tendentes
497 1980 607 2041 jam
639 1979 723 2025 fila
755 1978 915 2024 colos:
948 1992 1042 2024 nec
1074 1978 1298 2025 fulminis
1330 1980 1429 2026 atri

184 2069 263 2116 Sit
290 2077 480 2128 metus3
506 2068 598 2115 has
633 2067 766 2114 ultro
796 2066 1023 2114 laudabit
1056 2066 1289 2132 Juppiter
1319 2076 1478 2116 artes:
2368 2071 2432 2116 65

184 2157 315 2206 Nam
346 2173 507 2222 neque
540 2157 817 2221 plebeiam,
853 2165 941 2205 aut
970 2157 1155 2204 dextro
1189 2160 1299 2205 sine
1327 2160 1535 2207 numine
1571 2169 1760 2209 cretam

184 2247 343 2296 Servo
375 2248 610 2294 animam.
682 2254 829 2311 atque
862 2247 1016 2305 adeo,
1053 2249 1308 2308 breviter,
1341 2251 1464 2300 dum
1501 2260 1634 2302 tecta
1662 2254 1906 2311 subimUS,

182 2337 486 2401 Expediam.
555 2351 710 2397 genus
744 2337 853 2400 ipse
890 2339 1022 2395 suis,
1052 2342 1429 2404 praemissaque
1460 2351 1598 2390 retro

182 2425 453 2475 Nobilitas:
482 2440 576 2472 nec
612 2427 749 2486 origo
784 2426 932 2483 latet,
969 2427 1061 2474 sed
1095 2429 1204 2475 luce
1239 2439 1479 2494 sequente

182 2516 433 2573 Vincitur,
463 2523 515 2562 et
544 2530 724 2577 magno
761 2515 946 2576 gaudet
978 2519 1187 2565 cessisse
1216 2522 1402 2584 nepoti.
2366 2522 2434 2566 70

182 2604 351 2652 Prima
384 2612 529 2666 togae
558 2606 746 2653 virtus:
776 2606 864 2653 illa
893 2621 1087 2670 quoque
1117 2608 1302 2666 clarus,
1334 2617 1388 2656 et
1417 2610 1593 2671 ingens

183 2693 420 2758 Eloquio:
455 2709 582 2740 mox
613 2696 889 2742 innumeris
926 2698 1151 2745 exercita
1182 2701 1377 2758 castris,

114 2831 119 2837 ,
186 2781 454 2839 OcciduaS,
479 2785 764 2848 primasque
797 2785 1002 2844 domos,
1034 2795 1086 2834 ct
1116 2790 1221 2836 sole
1251 2791 1344 2838 sub
1376 2793 1515 2839 omni

183 2874 465 2939 Promeruit
486 2875 658 2936 jurata
687 2891 879 2924 manus.
950 2893 1043 2927 nec
1073 2882 1131 2928 in
1159 2884 1264 2930 otia
1294 2885 1434 2946 pacis

181 2964 488 3012 Permissum
516 2964 692 3012 laxare
723 2965 947 3023 animos,
988 2968 1276 3036 ferrumque
1304 2975 1514 3035 recingi:
2365 2976 2428 3020 75

20 3003 30 3021 «κ
25 2924 39 2935 7.
3 2546 46 2873 Qwaaqzk-ssssff32
14 2522 35 2533 ᾗ
20 2502 26 2512 2
16 2448 37 2481 ψ’,
20 2429 31 2436 ς
18 2373 20 2375 v
15 2338 21 2345 ¹

271 3200 312 3230 v.
333 3199 392 3231 49.
414 3199 512 3240 Vulg.
538 3206 648 3231 rmrr.
696 3201 750 3231 57.
774 3206 917 3231 61611111.
942 3203 997 3234 59.
1021 3203 1244 3236 Amana—:os
1275 3213 1424 3242 suc-ro.
1471 3212 1528 3242 61.
1552 3215 1887 3246 Pnstcnrsscsqm.
1933 3212 1988 3242 62.
2015 3217 2099 3242 mxc
2121 3217 2215 3242 Αιτι.
2262 3210 2318 3242 63.
2343 3215 2431 3241 τεκ-

182 3261 309 3287 mus.
355 3257 410 3288 64.
432 3264 625 3288 Tutunus.
672 3259 725 3288 65.
749 3265 945 3292 mcumrr.
993 3260 1047 3291 74.
1069 3267 1288 3295 nmmum.
