2892 3840
380 403 482 451 276
1204 395 1391 445 NOTAE
1421 410 1489 446 An
1522 395 1628 443 Lis.
1663 395 1742 443 ΠΙ.
1778 399 1823 443 3.
2330 414 2454 464 5153
2487 415 2627 466 57154

659 529 751 558 certe
773 524 921 557 tumulos
949 530 1181 562 supremaque
1209 522 1313 554 victis

470 571 569 604 Iusta
594 570 716 603 dabas:

380 617 438 650 ubi
469 619 559 649 male
592 618 711 650 Busta
747 625 837 647 nunc
869 613 1002 653 legitur.
1051 613 1210 644 Lucanus
1241 612 1304 651 IX,
1329 614 1387 645 67.
1414 613 1470 645 ubi

380 673 444 704 que
466 663 538 696 itur
559 663 718 696 Cornelia
740 660 908 699 Pompeii:

738 714 913 747 nunquam
938 703 1021 734 dare
1042 702 1135 742 justa
1154 703 1272 736 licebit

477 755 684 796 Conjugibus
694 752 711 784 ?

1537 520 1696 561 exempla
1722 519 1858 552 ibidem.
1887 520 1993 560 justa
2025 522 2160 552 solvere
2186 521 2220 552 et
2239 524 2443 563 persolvere
2467 528 2501 557 et
2520 535 2626 566 prae-

1538 572 1638 599 stare
1673 567 1764 598 idem
1796 568 1837 604 Q„
1874 566 2002 599 Curtio.
2026 567 2149 598 Florus
2173 568 2231 607 lv,
2253 569 2288 599 2.
2311 569 2354 600 de
2380 570 2474 602 sulio
2501 574 2626 604 Caesa-

1537 622 1595 645 re:
1647 613 1799 644 Tandem
1831 618 1996 652 receptus
2029 622 2053 643 a
2086 612 2247 644 classicis
2276 617 2376 656 suis,
2406 618 2553 659 undique
2577 621 2627 650 si-

1539 659 1613 691 mul
1641 659 1763 691 hostes
1801 660 1970 700 adortus,
2011 658 2183 690 debellata
2211 657 2353 698 perfida
2371 669 2490 704 gente,
2534 664 2628 702 justa

1537 706 1659 748 generi
1689 707 1848 737 manibus
1887 705 1988 736 dedit.
2028 707 2124 735 Vei-s.
2157 704 2217 734 ult.
2251 713 2315 744 pro
2339 706 2488 741 Qumvz
2510 709 2626 750 legen-

1541 753 1621 783 dum
1645 752 1836 789 Quasque:
1859 754 1895 786 et
1917 751 1965 783 ita
1987 752 2099 783 Parm.
2123 750 2157 781 et
2178 750 2272 781 Rom.
2296 750 2470 784 editiones.

382 800 430 832 ita
458 802 659 833 veterrimus
682 798 757 831 cod.
780 794 987 834 Vossianus,
1012 803 1082 826 non
1104 792 1221 828 busta.
1267 794 1353 826 Vide.
1374 793 1475 834 plura

1107 996 1656 1047 JECLOG.
1755 997 1832 1045 ΠΙ.

428 1162 615 1191 LAcmMAE
639 1158 828 1197 Ernuscm
856 1156 961 1188 Notat
982 1154 1174 1187 Gronovius
1202 1156 1237 1187 in
1257 1158 1353 1190 MSS.
1375 1157 1480 1189 Rhod.

388 1208 421 1237 et
458 1207 637 1244 Saltzburg
667 1204 802 1235 titulum
833 1203 932 1242 hujus
963 1202 1112 1242 Eclogae
1147 1203 1301 1244 concipi,
1347 1206 1481 1235 Coxso-

387 1260 497 1283 ιΑτιο
532 1261 582 1283 AD
605 1254 793 1283 cuminum
827 1249 1037 1281 E'rnuscum.
1065 1251 1099 1279 et
1124 1247 1172 1279 ita
1195 1258 1277 1280 sane
1302 1248 1419 1281 inveni
1443 1250 1479 1281 in

388 1298 544 1330 Editione
578 1297 730 1337 principe
771 1295 859 1337 (sive
897 1295 1060 1335 temporis
1095 1294 1167 1325 sive
1200 1295 1364 1328 bonitatis
1388 1297 1481 1328 ordi-

389 1354 466 1375 nem
500 1343 648 1387 spectes)
680 1343 873 1374 Parmensi:
913 1345 948 1373 et
980 1351 1098 1372 verum
1126 1342 1226 1383 puto,
1271 1345 1412 1382 propter
1437 1351 1478 1374 ea

389 1391 535 1422 Praefat.
598 1390 802 1422 Merebatur
838 1394 873 1420 et
914 1389 1055 1419 Claudii
1082 1387 1233 1420 Etrusci
1266 1390 1336 1419 mei
1352 1391 1476 1429 ‚pietas

390 1438 532 1477 aliquod
555 1445 601 1468 ex
627 1437 751 1468 studiis
780 1438 915 1467 nostris
937 1441 1139 1471 SOLAT1UM3
1168 1444 1244 1466 cum
1264 1435 1396 1475 lugeret
1419 1445 1477 1466 ve-

394 1484 445 1514 ris
472 1484 580 1523 (quod
609 1482 872 1513 amarissimum
902 1482 970 1515 est)
1003 1481 1158 1511 lacrimis
1191 1490 1304 1512 senem
1324 1486 1477 1521 patrem.

393 1528 471 1561 Scio
509 1529 649 1559 alteram
684 1527 902 1566 Epigraphen
936 1534 981 1557 ex
1010 1526 1074 1556 hoc
1107 1525 1184 1556 loco
1208 1535 1316 1564 aeque
1344 1527 1480 1558 defendi

393 1583 512 1614 posse:
537 1574 598 1604 sed
621 1573 700 1604 mihi
724 1582 795 1604 non
820 1572 1031 1612 spernendus
1058 1570 1193 1603 videtur
1215 1572 1379 1603 librorum
1403 1583 1481 1604 con-

396 1628 525 1651 sensus.
571 1621 749 1658 Utcunque
773 1618 836 1660 sit,
869 1620 962 1649 certe
984 1625 1054 1648 vox
1077 1620 1229 1649 CLAnnn
1252 1618 1406 1650 addenda
1430 1621 1483 1651 est

395 1666 498 1698 titulo
529 1666 696 1706 Eclogae:
744 1667 778 1696 et
811 1663 861 1696 ita
882 1663 994 1706 edidi,
1041 1662 1232 1695 Lacrimae
1255 1667 1407 1697 CLAUDH
1437 1665 1485 1696 E-

398 1713 525 1744 trusci.

443 1767 476 1789 v.
504 1759 536 1789 3.
580 1757 655 1787 Huc
673 1757 805 1786 vittata
825 1756 980 1793 comam-J
1004 1754 1214 1786 Parmensis:
1236 1756 1335 1787 Nunc
1351 1757 1486 1788 vittata

402 1811 536 1835 comas:
564 1803 733 1834 Romana:
760 1803 859 1832 Nunc
885 1802 1016 1831 vittata
1044 1810 1148 1831 coma.
1179 1810 1298 1831 verum
1320 1804 1371 1832 est
1390 1802 1485 1843 Huc,

400 1853 438 1881 ut
450 1851 550 1880 Herc.
569 1849 723 1880 Surrent.
742 1848 816 1877 Huc
836 1846 930 1886 ades,
950 1852 987 1877 et
998 1849 1136 1886 genium
1157 1848 1291 1886 templis
1309 1850 1488 1880 nascenti-

398 1896 460 1927 bus
478 1896 583 1937 infer.
601 1895 722 1924 Parum
740 1893 883 1923 interest
900 1895 1012 1922 utrum
1031 1902 1147 1924 comas
1164 1894 1218 1923 vel
1235 1903 1366 1924 comam
1380 1895 1486 1936 legas,

397 1951 472 1972 cum
490 1944 633 1979 utroque
647 1939 747 1970 modo
768 1941 885 1969 noster
900 1939 1020 1969 efferre
1033 1939 1152 1969 soleat.
1172 1939 1273 1979 Infra,
1283 1948 1316 1970 v.
1332 1941 1383 1971 14.
1395 1940 1489 1972 fessi-

399 1997 464 2026 que
485 1991 641 2017 senectus
661 1984 782 2027 Longa
797 1986 928 2025 patris.
949 1985 1124 2024 eleganter
1144 1986 1178 2015 et
1196 1985 1353 2024 proprie:
1385 1995 1489 2018 sene-

402 2036 529 2065 ctutem
549 2032 636 2062 enim
657 2033 799 2075 fessam
816 2036 967 2063 aetatem
989 2032 1167 2062 vocabant.
1190 2031 1326 2063 Tacitus
1350 2033 1434 2063 Hist.
1460 2035 1488 2075 1,

404 2082 458 2111 12.
505 2079 582 2109 Non
618 2087 705 2109 sane
730 2078 885 2109 crebrior
911 2082 985 2108 tota
1010 2079 1156 2109 civitate
1181 2086 1293 2109 sermo
1316 2088 1383 2118 per
1407 2080 1486 2112 illos

402 2134 537 2157 menses
557 2126 714 2167 fuerat5
747 2125 898 2163 primum
923 2123 1067 2154 licentia
1090 2134 1135 2154 ac
1158 2123 1299 2155 libidine
1323 2125 1415 2156 talia
1439 2126 1489 2157 lo-

402 2172 552 2212 quendi.-
593 2171 670 2201 dein
707 2170 795 2199 fessa
819 2168 898 2207 jam
930 2171 1041 2199 aetate
1078 2168 1222 2200 Galbae.
1253 2169 1310 2201 ubi
1346 2171 1374 2201 si
1409 2172 1489 2210 quid

400 2217 619 2256 mutandum,
640 2215 751 2254 potius
777 2215 888 2254 esset,
913 2216 1017 2257 fesso
1038 2214 1116 2253 jam
1135 2220 1255 2247 aetate
1281 2215 1418 2249 Galba:
1451 2220 1489 2250 ut

403 2263 493 2303 apud
516 2263 682 2294 Senecam
700 2263 801 2292 Herc.
827 2261 908 2292 Fur.
935 2269 968 2292 v.
998 2262 1095 2292 1308.

885 2305 980 2337 hanc
1002 2308 1155 2338 animam
1180 2307 1287 2338 levem

491 2353 695 2393 Fessamque
716 2350 833 2388 senia,
859 2361 923 2383 nec
947 2354 1058 2385 minus
1082 2362 1248 2394 quassam
1273 2354 1389 2396 malis,

494 2399 540 2430 In
563 2408 623 2429 ore
646 2400 760 2439 primo
784 2403 893 2429 teneo.

405 2443 546 2476 Ovidius
570 2446 652 2476 Met.
683 2445 743 2485 IX,
771 2443 852 2475 439.

497 2493 579 2523 Cum
621 2491 766 2522 videant
801 2490 909 2521 fessos
942 2486 1241 2521 Rhadamanthon
1281 2495 1317 2522 et
1346 2489 1488 2523 Aeacon

624 2536 736 2568 annis.

404 2582 450 2614 Et
471 2580 520 2613 ita
545 2584 670 2622 passim
694 2580 835 2614 Ovidius
857 2580 892 2610 et
919 2578 989 2610 alii.

450 2637 485 2660 v-
512 2630 568 2660 15.
759 2629 796 2658 si
818 2628 893 2667 quis
914 2626 1083 2664 pulsatae
1107 2627 1271 2657 conscius
1294 2633 1443 2663 UNQUAM

497 2673 632 2706 Matris
648 2696 658 2715 ‚
686 2679 722 2705 et
740 2674 886 2715 inferna
911 2672 1058 2712 rigidum
1080 2674 1181 2703 timet
1201 2671 1340 2702 Aeacon
1365 2674 1487 2712 urna-1

408 2719 461 2750 lta
495 2728 612 2751 omnes
642 2729 724 2758 quas
756 2718 825 2749 vidi
858 2717 1034 2748 editiones.
1088 2718 1134 2748 Et
1167 2726 1270 2756 supra
1306 2718 1346 2748 ad
1383 2720 1486 2749 Herc.

407 2766 562 2798 Surrent.
585 2766 702 2797 notavi
726 2773 843 2796 vocem
867 2772 1020 2803 unquam
1047 2770 1148 2802 saepe
1171 2763 1313 2794 otiosam
1344 2772 1430 2804 esse,
1455 2765 1489 2795 et

396 2807 591 2854 4παρέλκειν.
612 2819 848 2844 removeamus
873 2809 974 2849 igitur
1007 2817 1079 2838 eam
1104 2818 1305 2848 parumper;
1342 2811 1376 2840 et
1400 2813 1488 2841 Con-

405 2858 548 2889 structio
589 2859 674 2900 erit,
725 2858 769 2889 Si
800 2858 875 2897 quis
910 2856 1070 2886 conscius
1098 2856 1267 2894 pulsatae
1289 2858 1413 2887 matris
1440 2865 1487 2889 ΕΤ

407 2902 505 2935 timet
546 2903 688 2936 Aeacon
717 2904 863 2945 rigidum
895 2902 1041 2944 inferna
1075 2910 1178 2932 urna.
1237 2902 1351 2938 Quare
1375 2910 1422 2934 ΕΤ
1447 2906 1489 2935 ti.

410 2948 500 2981 met?
542 2951 715 2992 oportuit,
759 2953 796 2981 si
824 2950 900 2989 quis
935 2946 1089 2978 conscius
1108 2948 1278 2987 pulsatae
1302 2951 1424 2980 matris
1448 2949 1489 2981 ti-

410 2997 477 3026 met
513 2996 673 3038 Aeacon,
717 3005 784 3027 non
823 3002 870 3026 ετ
904 2996 1012 3024 timet.
1038 2992 1104 3023 nisi
1129 2994 1220 3025 dicas
1245 2996 1384 3025 verbum
1411 2998 1489 3028 sub-

411 3040 591 3074 stantivum
621 3043 764 3082 intelligi
798 3041 833 3072 in
867 3039 972 3079 priori
1005 3040 1176 3080 membro,

414 3090 510 3117 scius
549 3097 615 3120 sss'r
646 3091 813 3130 pulsatae
843 3087 990 3126 matris,
1037 3093 1085 3117 ΕΤ
1112 3087 1207 3117 timet
1227 3086 1376 3118 Aeacon.
1423 3089 1491 3122 Sed

413 3133 548 3163 omnino
570 3135 724 3175 frigidum
750 3136 801 3165 est
826 3133 915 3165 istud
940 3140 1096 3167 unquam.
1119 3132 1255 3172 scripsit
1283 3133 1423 3177 Statius,

696 3184 729 3212 si
750 3183 825 3221 quis
846 3180 1012 3218 pulsatae
1041 3181 1200 3211 conscius
1226 3188 1374 3211 UMBRAM

504 3221 657 3262 Matris,
679 3232 711 3257 et
734 3228 877 3267 inferna
895 3226 1041 3265 rigidum
1064 3227 1158 3257 timet
1182 3224 1324 3258 Aeacon
1348 3235 1451 3258 urna.

1220 3040 1245 3071 S
1248 3043 1262 3071 i
1297 3042 1373 3080 quis
1412 3053 1493 3074 eon·

1550 1160 1677 1196 quanto
1702 1156 1890 1197 elegantius
1913 1156 2003 1189 hoc?
2028 1158 2066 1189 ut
2092 1158 2134 1189 de
2158 1157 2230 1197 ejus
2253 1154 2458 1202 γνησιὸτητι
2479 1156 2634 1190 dubitare

1549 1213 1658 1243 paene
1689 1203 1873 1243 malignum
1901 1203 1998 1235 foret.
2034 1206 2190 1236 umbram
2220 1205 2391 1244 pulsatae
2412 1206 2557 1242 matris,
2577 1203 2635 1235 vet

1549 1252 1713 1281 conscius
1736 1250 1906 1289 pulsatae
1927 1252 2077 1290 matris,-
2100 1250 2232 1282 utrovis
2257 1250 2345 1281 enim
2363 1250 2462 1282 modo
2483 1250 2527 1282 ad
2543 1250 2634 1282 idem

1547 1297 1620 1327 fere
1647 1295 1780 1327 recidit.
1826 1296 2025 1334 Hujusmodi
2052 1296 2178 1328 conscii
2201 1296 2339 1329 fuerunt
2363 1296 2500 1338 Νέρων,
2531 1291 2634 1340 ’0ρέ-

1549 1352 1652 1383 στης,
1675 1337 1888 1383 Ἀλκμαίων,
1925 1341 2318 1375 MHTPOKTONOI.
2360 1342 2542 1374 Suetonius
2565 1343 2636 1374 Ne-

1547 1397 1631 1419 rone
1666 1397 1694 1419 c.
1727 1386 1884 1417 XXXIV.
1941 1387 2054 1427 Saepe
2087 1389 2273 1430 confessus
2298 1389 2479 1429 exagitari
2499 1397 2538 1420 se
2562 1396 2635 1419 ma-

1546 1436 1645 1465 terna
1671 1432 1801 1473 specie,
1839 1433 2042 1465 verberibus
2067 1434 2282 1470 Furiarum,
2306 1443 2352 1465 ac
2373 1434 2485 1465 taedis
2508 1434 2636 1465 arden-

1547 1482 1650 1512 tibus.
1678 1480 1759 1520 quin
1784 1482 1822 1509 et
1839 1480 1945 1522 facto
1964 1489 2033 1520 per
2057 1480 2180 1521 Magos
2209 1488 2318 1519 sacro,
2334 1489 2482 1511 evocare
2503 1486 2636 1521 ΜΑΝΕΒ,

2001 1527 2126 1557 Noster
2150 1526 2291 1556 Geneth.
2315 1525 2447 1557 Lucani
2468 1535 2502 1558 v.
2531 1527 2609 1558 118.

2096 1572 2339 1612 pallidumque
2362 1574 2443 1604 visa

1688 1612 1809 1646 Matris
1831 1615 1994 1655 lampade
2015 1618 2164 1657 respicis
2191 1617 2372 1648 Neronem.

1554 1659 1695 1694 Ovidius
1721 1662 1803 1692 Met.
1827 1661 1899 1702 IX,
1925 1662 2007 1692 409.
2031 1662 2073 1693 de
2098 1663 2323 1694 Alcmaeone:

1643 1706 1893 1747 Attonitusque
1911 1707 2014 1738 matis
2027 1729 2038 1750 ,
2063 1710 2151 1740 exul
2171 1711 2359 1750 mentisque
2382 1707 2578 1750 domusque,

1650 1753 1808 1785 Vultibus
1832 1752 2079 1793 Eumenidum,
2116 1762 2319 1797 murusque
2342 1755 2540 1796 agitabitur
2565 1762 2635 1787 um-

1776 1805 1870 1829 Bms.

1555 1842 1720 1883 Virgilius
1745 1844 1830 1874 Aen.
1858 1845 1926 1884 IV,
1952 1843 2035 1874 471.

1645 1888 1717 1920 Aut
1742 1887 2030 1930 Agamemnonius
2054 1887 2183 1922 Poenis
2204 1893 2365 1933 agitatus
2403 1892 2562 1932 Orestes,

1647 1934 1829 1966 Armatam
1843 1936 1990 1978 facibus
2013 1935 2152 1966 matrem
2179 1942 2214 1968 et
2236 1940 2454 1979 serpentibus
2476 1941 2569 1973 atra

1651 1983 1734 2011 Cum
1752 1983 1874 2024 fugit,
1899 1982 2109 2023 ultricesque
2131 1984 2253 2015 sedent
2277 1987 2314 2016 in
2334 1986 2455 2018 limine
2482 1987 2623 2019 Dirae.-

1557 2026 1606 2059 ita
1630 2027 1809 2066 legendum
1835 2037 1909 2059 esse
1941 2027 2010 2059 alio
2036 2030 2200 2067 opusculo
2225 2030 2347 2069 docui,
2387 2031 2496 2071 Epi-t.
2521 2033 2638 2067 Critic.

1558 2084 1592 2114 p.
1619 2075 1695 2106 123.
1723 2077 1758 2105 et
1785 2074 1914 2106 firmavi
1942 2073 2132 2106 imitatione
2158 2075 2231 2107 val.
2253 2077 2368 2109 Flacci
2392 2080 2477 2121 VH,
2501 2079 2579 2112 147.

1648 2121 1817 2152 Turbidus
1842 2126 1882 2152 ut
1905 2120 2026 2152 Poenis
2051 2121 2234 2163 caecisque
2253 2125 2472 2167 pavoribus,
2499 2134 2614 2159 ensem

1652 2168 1823 2207 Corripit,
1860 2173 1896 2198 et
1915 2176 2044 2198 saevae
2059 2169 2155 2210 ferit
2175 2172 2320 2210 agmina
2341 2170 2458 2202 matris
2481 2169 2636 2206 Orestes.

1557 2210 1696 2243 Poenae
1738 2215 1819 2244 sunt
1862 2214 2008 2245 Furiae.
2040 2213 2143 2253 vulgo
2175 2214 2301 2254 legitur
2331 2218 2446 2248 scenis
2482 2219 2639 2260 aguntus

1560 2257 1714 2290 Orestes.
1761 2260 1933 2291 Pulsatae
1959 2260 2085 2290 matris
2112 2268 2156 2290 ex
2180 2261 2299 2302 virgil.
2324 2264 2391 2304 VI,
2421 2264 2502 2295 00⁹.

1549 1531 1586 1558 et
1611 1533 1764 1557 exorare
1792 1527 1956 1557 tentavit.

1648 2305 1847 2337 Pulsatusve
1871 2315 2015 2347 parens,
2042 2310 2108 2336 aut
2127 2307 2241 2349 fraus
2266 2310 2401 2340 innexa
2421 2309 2564 2341 clienti.-

1556 2350 1605 2383 ita
1631 2351 1727 2391 lege3
1759 2362 1849 2389 non,
1875 2358 1911 2384 et
1927 2353 2054 2395 fraus.
2077 2353 2143 2383 Pro
2167 2355 2337 2396 rigidume
2365 2353 2556 2387 Parmensis
2579 2363 2637 2386 re-

1554 2399 1692 2440 gidum:
1719 2399 1887 2440 Romana,
1911 2401 2072 2440 regimen.

1600 2453 1634 2476 v.
1660 2446 1715 2475 17.
2038 2447 2135 2474 tenet
2152 2453 2232 2475 ecce
2255 2444 2380 2476 tendes

1649 2488 1799 2521 Leniter
1830 2488 2011 2528 implicitos
2045 2489 2189 2528 vultus-1
2236 2490 2381 2526 Quinam
2411 2490 2492 2522 sunt
2517 2488 2555 2521 hi
2577 2492 2638 2522 im·

1554 2535 1678 2575 plicita·
1697 2534 1843 2566 vultus?
1868 2541 2039 2571 Quomono
2063 2536 2121 2565 aut
2143 2542 2202 2566 cm
2223 2533 2407 2577 impacta?
2434 2537 2548 2579 Lege,

1693 2581 1837 2612 Leniter
1863 2580 2040 2620 adplicito:
2061 2581 2204 2611 vultus.-

1557 2626 1592 2657 id
1617 2627 1681 2667 est,
1708 2628 1873 2668 admotos,
1895 2628 2098 2667 appositos.-
2121 2625 2246 2658 leniter
2265 2626 2360 2658 tenet
2382 2625 2541 2670 seJnilen
2563 2627 2639 2659 vul·

1557 2674 1612 2704 tus
1635 2672 1705 2703 suis
1735 2673 1898 2704 admotos.
1948 2672 2089 2703 Ovidius
2111 2673 2245 2704 Fastor.
2273 2674 2340 2715 IV,
2365 2675 2444 2706 851.

1650 2718 1848 2758 Osculaque
1870 2718 2032 2757 adplicuit
2054 2720 2176 2758 posito
2201 2727 2367 2760 suprema
2380 2721 2546 2763 feretro.⁸

1555 2763 1614 2795 ubi
1647 2764 1684 2795 in
1718 2765 1827 2796 tribus
1849 2764 2029 2796 codicibus
2055 2763 2129 2803 pari
2153 2774 2271 2797 errore
2293 2765 2456 2806 scriptum
2484 2766 2560 2799 em
2581 2765 2642 2798 ἰηι-

1552 2811 1690 2851 plicuit.
1734 2810 1894 2850 Virgilius
1917 2813 2001 2842 Aen.
2026 2812 2054 2851 1,
2078 2812 2157 2841 616.

1649 2858 1736 2896 Quis
1764 2862 1817 2897 te,
1846 2862 1929 2888 nate
1959 2857 2059 2896 Dea,
2078 2862 2146 2896 per
2169 2860 2276 2888 tanta
2294 2858 2459 2897 pericula
2483 2865 2592 2890 cuens

1647 2902 1873 2944 Insequitur?
1903 2913 1991 2944 quae
2015 2905 2072 2934 vis
2095 2904 2306 2934 immanibus
2331 2904 2480 2944 applicat
2498 2899 2629 2935 ausit!

1557 2947 1606 2978 ita
1646 2950 1826 2989 legendum
1864 2952 1966 2988 puto3
2018 2949 2124 2989 vulgo
2155 2948 2386 2991 frigidissime,
2431 2949 2638 2982 mmet

1559 2996 1657 3027 oris.-
1690 2997 1732 3027 ad
1757 3005 1844 3035 quae
1871 2997 1978 3027 verba
2003 2995 2080 3026 vide
2104 2995 2258 3027 Servium
2286 2996 2463 3035 palantem.
2487 3002 2549 3033 pro
2571 3000 2638 3024 an-

1560 3043 1611 3072 sis
1635 3042 1796 3082 scriptum
1822 3043 1895 3073 erat
1919 3044 2010 3081 osis,
2049 3041 2189 3081 antiquo
2211 3051 2328 3081 more3
2357 3042 2397 3072 ut
2419 3038 2506 3072 aula
2525 3040 2560 3070 et
2585 3039 2635 3069 ol-

1559 3087 1616 3128 la,
1643 3099 1737 3120 aura
1767 3090 1801 3119 et
1829 3098 1894 3119 ora
1919 3088 2023 3130 (unde
2048 3089 2186 3119 luminis
2213 3097 2324 3120 auras
2347 3085 2470 3127 passim
2491 3083 2637 3124 Virgilio

1560 3143 1622 3173 pro
1647 3138 1747 3170 oras)
1778 3136 1907 3165 Paullo
1932 3136 1965 3166 et
1995 3134 2107 3165 Polla.
2132 3143 2175 3164 ex
2203 3135 2294 3173 osis,
2328 3131 2417 3171 quod
2438 3139 2508 3163 non
2535 3130 2637 3162 intel-

1560 3180 1729 3221 ligebant,
1777 3183 1930 3212 fecerunt
1955 3183 2052 3219 oris,
2099 3182 2133 3210 et
2157 3179 2318 3210 Didonem
2345 3178 2552 3209 induxerunt
2579 3186 2637 3208 vo-

1561 3229 1692 3259 cantem
1717 3237 1779 3259 sua
1800 3236 1906 3267 regna
1929 3228 2093 3258 immanes
2117 3234 2224 3256 oras.-
2250 3223 2475 3266 ineptissime,
2503 3225 2538 3255 et
2560 3232 2639 3255 con-
