2892 3840
383 466 453 513 20
1051 473 1541 512 P.1›AP1N11
1609 474 1938 531 s'rA'ru

383 587 454 635 Et
478 586 835 637 Praenestinae
863 594 1101 652 poterant
1133 588 1350 650 migrare
1386 602 1598 639 sorores.
2547 601 2550 605 '
2573 594 2642 643 80

386 676 521 737 Quid
551 678 715 727 bifera
746 677 946 727 Alcinoi
977 676 1180 725 laudem
1212 679 1472 743 pomaria?
1499 695 1709 745 vosque,

386 766 483 827 Qui
511 783 769 834 nunquam
803 769 950 818 vacui
984 766 1227 830 prodistis
1253 768 1310 815 in
1343 769 1576 830 aethera,
1605 772 1765 820 rami'!

385 856 584 906 Cedant
611 857 877 918 Telegoni,
910 855 1092 903 cedant
1117 855 1393 906 Laurentia
1429 858 1588 908 Turni

382 946 595 1010 Jugera,
632 947 976 1011 Lucrinaeque
1012 945 1219 1005 domus,
1249 947 1468 1011 litusque
1500 951 1696 998 cruenti

383 1037 718 1103 Antiphatae:
752 1036 935 1085 cedant
963 1036 1159 1086 vitreae
1194 1037 1311 1099 juga
1343 1037 1536 1102 perfida
1571 1037 1740 1088 Circes
2581 1044 2644 1091 85

382 1126 632 1174 Dulichiis
669 1125 860 1174 ululata
889 1126 1048 1192 lupis,
1083 1142 1319 1191 arcesque
1356 1127 1559 1192 superbi

382 1215 638 1275 Anxuris,
668 1223 720 1263 et
748 1216 896 1264 sedes
928 1216 1147 1279 Phrygio
1184 1231 1307 1282 quas
1340 1217 1480 1265 mitis
1515 1218 1719 1267 alumno

381 1305 550 1353 Debet
582 1321 733 1354 anus:
771 1305 953 1354 cedant
990 1321 1118 1371 quae
1154 1314 1230 1365 te,
1258 1308 1368 1369 jam
1400 1306 1592 1355 solibus
1625 1310 1793 1368 arctiS,

380 1395 540 1444 Antia
566 1396 801 1444 nimbosa
834 1397 1147 1446 revocabunt
1177 1397 1327 1443 litora
1352 1396 1545 1444 bruma.

370 1465 582 1534 ‘Scilicet
614 1486 695 1534 hic
725 1487 798 1534 illi
828 1486 1138 1534 meditantur
1170 1485 1397 1549 pondera
1423 1498 1629 1534 mores:
2577 1496 2646 1542 90

381 1574 477 1623 Hic
508 1577 755 1639 premitur
780 1575 996 1624 fecunda
1028 1576 1195 1641 quies,
1223 1576 1485 1640 virtusque
1520 1591 1699 1625 serena

382 1664 571 1712 Fronte
609 1667 803 1727 gravis,
835 1680 1085 1730 sanusque
1115 1665 1292 1724 decor,
1324 1666 1549 1730 luxuque
1581 1674 1807 1716 carentes

382 1755 635 1813 Deliciae,
670 1771 793 1819 quas
828 1757 937 1822 ipse
974 1756 1078 1803 suis
1111 1754 1364 1817 digressus
1398 1754 1614 1804 Athenis

382 1845 557 1893 Mallet
591 1845 796 1893 deserto
833 1847 1001 1894 senior
1036 1845 1324 1907 Gargettius
1354 1843 1515 1892 horto.

382 1933 522 1983 Haec
554 1951 645 1999 per
681 1943 733 1983 et
764 1935 962 1998 Aegeas
992 1935 1212 1992 hiemes,
1243 1933 1573 1999 Pliadumque
1607 1937 1845 1987 nivosum
2555 1940 2639 1993 ’95

383 2026 562 2084 Sidus,
599 2034 651 2074 et
685 2026 876 2075 Oleniis
914 2027 1121 2089 dignum
1149 2027 1358 2092 petiisse
1395 2026 1487 2074 sub
1522 2029 1686 2076 astris.

383 2117 439 2164 Si
475 2117 670 2164 Maleae
707 2118 959 2166 credenda
992 2119 1143 2175 ratis,
1180 2116 1470 2179 Siculosque
1504 2133 1596 2181 per
1624 2125 1797 2167 aestus

383 2207 463 2255 Sit
494 2209 610 2266 via,
643 2223 728 2255 cur
763 2209 919 2256 oculis
949 2207 1122 2255 sordet
1148 2207 1318 2256 vicina
1347 2206 1614 2270 voluptas?

379 2295 479 2349 Hic
505 2305 594 2344 tua
630 2297 865 2345 Tiburtes
900 2297 1104 2345 Faunos
1137 2295 1333 2357 chelys,
1369 2303 1421 2342 et
1439 2297 1590 2358 juvat
1618 2298 1786 2362 ipsum

381 2386 621 2447 Alciden,
652 2388 939 2453 dictumque
970 2389 1083 2449 lyra
1106 2388 1296 2449 majore
1333 2385 1596 2435 Catillum:
2542 2396 2640 2443 100

384 2479 486 2527 Seu
516 2480 610 2526 tibi
643 2479 919 2527 Pindaricis
951 2479 1149 2527 animus
1180 2478 1482 2526 contendere
1513 2479 1733 2543 plectris,

385 2571 505 2621 Sive
533 2571 715 2632 chelyn
743 2572 889 2619 tollas
918 2570 1090 2618 Heroa
1119 2570 1185 2618 ad
1216 2570 1425 2628 robora,
1455 2571 1564 2620 sive

384 2659 654 2709 Liventem
688 2661 907 2707 Satiram
938 2663 1082 2722 nigra
1113 2660 1341 2721 rubigine
1374 2660 1570 2707 turbes:

386 2749 489 2798 Seu
518 2750 610 2797 tibi
640 2764 744 2795 non
777 2749 879 2796 alta
911 2750 1228 2813 splendescat
1256 2749 1485 2813 Epistola
1514 2764 1642 2797 cura.

384 2840 550 2903 Digne
587 2839 783 2898 Midae,
817 2838 1087 2903 Croesique
1119 2840 1291 2897 bonis,
1324 2846 1376 2886 et
1404 2839 1609 2888 Perside
1645 2854 1784 2902 gaza,
2543 2848 2637 2894 105

385 2930 548 2979 Macte
583 2930 729 2978 bonis
765 2931 943 2978 animi!
983 2932 1121 2993 cujus
1158 2932 1443 2993 stagnantia
1475 2946 1594 2979 rura

385 3022 576 3070 Debuit
613 3030 665 3069 et
698 3024 842 3074 flavis
877 3022 1096 3071 Hermus
1128 3030 1464 3070 transcurrere
1498 3023 1638 3087 ripis,

473 3314 513 3345 v.
542 3315 597 3345 86.
621 3314 719 3354 vulg.
744 3320 938 3345 SUPERBAE.
988 3315 1044 3345 89.
1075 3321 1173 3345 Avm.
1221 3316 1277 3346 90.
1301 3316 1339 3346 L.
1362 3312 1416 3345 hic
1440 3319 1568 3344 mmm
1591 3318 1795 3345 muscam-un
1818 3316 1995 3342 romans.
2048 3311 2119 3342 103.
2147 3310 2183 3340 1,.
2209 3316 2348 3342 rixo-As.
2400 3309 2474 3341 104.
2500 3317 2584 3341 TUA.
