2892 3840
952 393 1429 430 sinvauuu
1493 382 1787 433 Lincv.
2435 394 2533 444 15⁵

302 507 479 563 Dicar,
514 512 566 552 et
591 507 647 552 in
678 505 894 553 lacrimis
922 508 1116 568 justum
1143 506 1424 554 excessisse
1450 507 1709 572 pudorem.

302 593 541 654 Quisnam
576 581 745 642 autem
783 597 1022 656 gemitus,
1057 595 1373 658 lamentaque
1399 604 1574 644 nostra
1604 598 1895 662 reprendit!
1958 609 1973 621 ⁶

300 683 343 732 Ο
376 685 587 732 nimium
623 684 775 741 felix,
814 685 1027 731 nimium
1060 683 1299 741 crudelis,
1335 691 1388 731 et
1422 699 1606 749 expers

295 773 521 836 Imperii,
560 757 808 830 Fortuna,
840 774 938 830 tui,
972 773 1057 836 qui
1088 771 1253 820 dicere
1287 772 1451 836 legem
2466 787 2535 835 60

295 859 547 918 Fletibus,
583 871 670 909 aut
702 863 826 909 fines
862 861 1015 908 audet
1049 875 1250 909 censere
1282 860 1510 911 dolendi!

293 949 471 995 Incitat
494 950 651 1013 (heu)
684 951 926 1013 planctus.
994 950 1161 1013 potius
1197 950 1441 1011 fugientia
1468 954 1605 1017 ripas

290 1036 523 1085 Flumina
562 1037 829 1095 devincas,
870 1038 1060 1100 rapidis
1102 1046 1190 1085 aut
1234 1039 1431 1099 ignibus
1463 1041 1648 1100 obstes,

291 1124 451 1183 Quam
478 1128 687 1172 miseros
720 1126 888 1187 lugere
918 1126 1075 1174 vetes.
1145 1132 1315 1172 tamen
1343 1127 1427 1174 ille
1456 1143 1662 1177 severus

289 1213 542 1277 (Quisquis
571 1216 615 1261 is
652 1219 750 1276 est)
777 1222 978 1261 nostrae
1015 1221 1277 1275 cognoscat
1309 1215 1522 1264 vulnera
1555 1233 1746 1267 causae.
2455 1234 2519 1279 65

284 1301 398 1348 Non
428 1318 519 1364 ego
549 1311 796 1350 mercatus
831 1304 1011 1351 Pharia
1040 1303 1103 1350 de
1130 1303 1263 1367 pube
1296 1303 1527 1368 loquaces

282 1390 527 1449 Delicias,
562 1391 859 1456 doctumque
894 1394 972 1439 sui
1008 1392 1231 1439 convicia
1264 1391 1367 1439 Nili

279 1478 553 1538 Infantem,
588 1481 757 1542 lingua
788 1482 1024 1537 nimium,
1061 1476 1344 1542 salibusque
1378 1488 1671 1542 protervum

277 1567 475 1615 Dilexi:
511 1585 652 1616 meus
683 1570 792 1627 ille,
826 1583 994 1615 meus:
1026 1568 1201 1614 tellure
1234 1568 1497 1617 cadentem

273 1657 491 1721 Excepi,
528 1666 580 1704 et
607 1659 831 1707 vinctum
866 1657 1070 1719 genitali
1105 1658 1322 1704 carmine
1358 1657 1487 1715 fovi3
2449 1680 2514 1724 70

272 1745 653 1811 Pulsantemque
687 1763 846 1796 novas
884 1747 1110 1793 tremulis
1141 1747 1411 1794 ululatibus
1445 1761 1594 1795 auras

271 1834 462 1882 Inserui
494 1838 646 1884 vitae.
715 1837 834 1900 quid
868 1837 979 1899 plus
1015 1835 1232 1882 tribuere
1262 1834 1528 1899 parentes?

273 1923 403 1982 Quin
433 1926 556 1972 alios
593 1925 753 1983 oitus,
789 1926 1167 1986 libertatemque
1202 1923 1294 1970 sub
1326 1923 1451 1986 ipsis

269 2009 514 2060 Uberibus
551 2014 666 2071 tibi,
699 2030 882 2078 parve,
919 2013 1061 2060 dedi:
1101 2020 1157 2059 tu
1193 2027 1402 2059 munera
1433 2020 1607 2062 nostra

269 2099 512 2160 Ridebas,
544 2104 744 2164 ignarus
777 2103 951 2152 adhuc.
1020 2101 1364 2165 properaverit
1394 2100 1496 2159 ille,
2434 2124 2462 2166 7
2470 2123 2498 2167 5

269 2188 369 2238 Sed
404 2193 584 2239 merito
619 2191 943 2255 properabat,
977 2205 1139 2249 amor3
1170 2205 1236 2236 ne
1269 2189 1504 2254 perderet
1529 2190 1687 2240 ullum

265 2277 493 2328 Libertas
526 2288 628 2328 tam
659 2295 817 2345 parva
850 2279 999 2326 diem.
1066 2294 1232 2325 nonne
1266 2276 1500 2325 horridus
1533 2279 1671 2342 ipsos

262 2368 460 2418 Invidia
492 2371 736 2434 Superos,
770 2370 1049 2432 injustaque
1085 2367 1295 2416 Tartara
1326 2367 1552 2432 pulsem?

263 2457 438 2507 Nonne
469 2475 663 2522 gemam
701 2467 779 2517 te,
815 2474 925 2506 care
959 2458 1116 2522 puer?
1149 2473 1247 2522 quo
1281 2459 1468 2522 sospite
1502 2465 1648 2505 natos

263 2546 375 2595 Non
409 2551 567 2613 cupii:
601 2551 763 2615 primo
793 2549 1037 2611 gremium
1068 2549 1147 2595 cui
1179 2555 1418 2611 protenus
1448 2554 1560 2594 ortu
2424 2552 2509 2610 80¹

264 2635 518 2700 Adplicui,
551 2640 739 2703 fixique
770 2653 965 2687 meum:
996 2638 1076 2684 cui
1108 2637 1291 2695 verba,
1328 2651 1574 2700 sonosque

262 2725 564 2784 Monstravi,
598 2736 896 2793 questusque
931 2735 984 2774 et
1015 2741 1273 2775 murmura
1306 2742 1453 2774 caeca
1484 2725 1764 2784 resolvens3

343 3034 383 3063 v.
411 3033 464 3063 57.
496 3031 596 3070 Vulg.
630 3035 750 3060 meon.
805 3030 860 3059 66.
896 3033 1019 3060 torm.
1074 3027 1154 3066 [67.
1186 3025 1405 3067 doctumque,
1438 3030 1557 3059 antea:
1589 3028 1782 3060 «laetumve.
1811 3036 1878 3060 ει).
1907 3031 2001 3068 οι]
2058 3031 2113 3061 68.
2149 3030 2328 3073 :ing-nque
2363 3043 2479 3075 sium„

256 3091 312 3123 71.
335 3090 625 3124 posces-rexque.
682 3087 738 3118 74.
767 3093 838 3116 mm
871 3094 1021 3115 munen-
1078 3086 1132 3114 75.
1155 3089 1451 3115 PROPERAVERAT.
1504 3088 1560 3116 80.
1588 3092 1748 3116 cnm-run
1780 3093 1850 3121 qm.
1908 3088 1963 3117 81.
1992 3088 2175 3120 lurum-r
2199 3096 2366 3133 rumque
2386 3102 2478 3129 mx.

255 3148 310 3178 82.
347 3145 533 3178 Mon-travi
565 3145 785 3187 (questu-que
820 3144 853 3173 et
876 3149 1039 3173 versem
1073 3149 1175 3171 caeca
1205 3140 1423 3179 nesotvu).
