2892 3840
456 393 555 449 318

455 524 581 564 ubique
615 521 811 555 occurrunt.
863 519 1010 557 Elegans
1044 514 1134 546 istud
1159 514 1345 556 redundat,
1371 514 1414 546 de
1433 514 1543 547 Amne

454 572 626 603 locuturo.
673 570 719 600 {lt
755 575 835 598 vero
871 571 1002 595 raucas
1027 563 1160 603 fauces
1186 561 1356 592 Vulturno
1388 561 1542 593 attribui-t

457 619 603 658 Noster,
634 614 682 646 ita
719 615 850 644 siccam
873 611 1019 652 faucem
1051 607 1178 638 Terrae
1210 607 1353 639 ovidius
1381 609 1463 640 Met.
1494 609 1540 649 11,

454 666 539 698 2⁷8.
564 662 599 695 in
627 658 783 692 incendio
805 654 1054 687 Phaethontem

640 708 794 743 siccaque
818 704 873 732 ita
896 701 995 730 fauce
1017 698 1136 729 locuta
1160 701 1234 729 ese.-

458 755 516 788 ubi
548 754 648 792 vulgo
679 755 854 789 perperam
880 747 978 776 sicca
1001 754 1095 775 voce.
1140 745 1239 785 Mox,
1261 750 1295 774 v.
1320 742 1376 775 74,
1403 751 1465 782 pro
1489 740 1542 773 Ee

456 804 556 842 ripas
587 800 694 830 Parm.
718 794 762 824 In
786 794 899 831 ripis.-
941 793 975 821 et
1000 790 1048 823 ita
1072 790 1236 821 Romana.
1262 791 1358 820 Vers.
1391 790 1448 821 ⁷⁰.
1476 797 1539 828 pro

456 846 616 880 turbidus
655 843 844 879 minaxque
883 837 1000 868 Heins.
1033 835 1156 867 alicubi
1192 835 1235 867 ad
1275 836 1367 867 Fast.
1397 835 1424 865 1.
1457 834 1541 866 citat

455 891 611 926 turbidus
635 889 835 918 minarum:
876 882 1080 919 memoriae,
1116 881 1259 922 opinor,
1294 889 1426 912 errore.
1470 881 1538 912 Pro

453 939 509 970 ET
540 943 632 966 nune
664 933 724 964 ille
759 940 819 972 ego
854 931 919 961 etc.
975 929 1153 960 Turnebus
1182 927 1217 959 in
1248 935 1309 958 ora
1334 926 1459 958 codicis
1483 926 1538 958 sui

454 980 632 1016 adnotarat
656 987 704 1010 ΑΤ
727 987 840 1017 nunc,
884 975 940 1007 vel
965 983 1013 1006 EN
1040 983 1156 1013 nunc,-
1191 973 1279 1013 quod
1304 973 1458 1005 ultimum
1481 982 1539 1012 ap-

451 1029 573 1070 probat
615 1024 791 1057 Morellus.
845 1022 891 1053 Et
922 1030 1004 1052 sane
1037 1020 1102 1051 nisi
1140 1020 1187 1050 ita
1219 1020 1313 1059 legas
1343 1018 1403 1050 vix
1437 1017 1537 1051 video

453 1073 618 1116 quomodo
645 1068 835 1102 sententiae
860 1068 978 1100 ultima
1003 1076 1084 1106 pars
1106 1066 1286 1098 cohaereat
1309 1064 1427 1105 priori.
1460 1065 1539 1097 Alio

452 1120 571 1153 ordine
607 1117 667 1149 hos
712 1115 860 1156 quinque
907 1122 1025 1146 versus
1068 1112 1205 1144 exhibet
1238 1111 1321 1144 edit.
1350 1113 1444 1143 Rom.
1478 1111 1539 1143 sed

450 1167 625 1199 mendose.

496 1222 531 1244 v.
557 1214 611 1244 81.
712 1208 782 1240 Sed
812 1210 933 1249 grates
964 1215 1030 1247 ago
1065 1210 1260 1245 STRICTUS,
1300 1210 1424 1240 ATQUE
1459 1206 1540 1235 tau-

862 1254 892 1284 li
909 1257 966 1283 est

589 1301 690 1340 Quod
722 1300 785 1331 sub
815 1303 849 1330 te
884 1299 993 1338 duce,

451 1350 542 1383 Edit.
584 1349 745 1378 Romana.
799 1344 1012 1383 Parmensis,

451 1403 540 1429 crus
583 1400 671 1431 Qum
709 1393 803 1423 tanta·
845 1396 909 1422 est.
973 1390 1116 1429 Veneta,
1157 1385 1366 1429 srmcyrus
1400 1390 1540 1420 arque:

452 1443 542 1483 quod
583 1438 755 1471 Gronovio
793 1436 921 1475 placuit
956 1435 1063 1465 Diatr.
1098 1443 1129 1463 c.
1167 1434 1241 1462 XI..
1275 1435 1312 1463 et
1346 1432 1456 1461 firm-at
1493 1435 1540 1482 ex

450 1497 555 1521 versu
594 1488 649 1517 75.
704 1483 811 1513 Recta·
844 1481 974 1522 legibus
1011 1479 1106 1509 alvei
1138 1483 1295 1508 mensn-
1350 1477 1441 1516 Lege
1468 1484 1540 1528 pri-

450 1544 562 1573 mum,
596 1530 647 1561 Et
667 1533 787 1570 grates
820 1537 897 1567 ago.
945 1524 1097 1564 Deinde,
1122 1523 1201 1554 mihi
1226 1530 1397 1560 nunquam
1421 1521 1537 1552 arrisit

452 1575 628 1612 scabrities
675 1576 740 1604 ista
785 1572 923 1611 versus,
973 1575 1150 1601 s‘rmc'rus
1185 1575 1316 1604 ATQUE.
1372 1568 1417 1599 Et
1451 1568 1536 1598 bene

454 1625 544 1667 quod
565 1623 598 1653 in
625 1620 694 1652 suis
719 1617 968 1657 exemplaribus
994 1615 1179 1646 Politianus
1206 1612 1356 1653 invenit,

593 1668 662 1699 Sed
681 1670 803 1706 grat-es
832 1673 918 1704 ago,
943 1669 1187 1701 saakusque
1210 1661 1304 1690 tanti
1326 1663 1389 1690 ese.
1527 1700 1536 1709 .

449 1714 635 1748 humillime
673 1714 707 1743 et
747 1710 918 1742 serviliter
944 1708 1102 1739 adulatur
1135 1706 1341 1746 Vulturnus,
1383 1704 1418 1734 et
1443 1711 1538 1742 quasi

451 1769 563 1795 BELLO
596 1762 714 1798 captus
742 1755 938 1788 Domitiano
962 1763 997 1784 se
1021 1751 1196 1784 submittit.
1223 1752 1314 1783 clare
1340 1749 1538 1782 confirmant

451 1810 515 1841 hoc
538 1807 617 1846 ista,

1040 1297 1075 1327 te
1109 1295 1277 1336 jubente,
1316 1295 1436 1333 cessi]
1487 1294 1541 1324 Ita

1071 1342 1141 1373 Sed
1171 1345 1294 1382 grates
1329 1349 1395 1381 ago
1430 1346 1543 1370 STRE-

675 1848 774 1887 Quod
802 1847 863 1877 sub
890 1851 923 1876 te
948 1851 1064 1881 nuel-:3

451 1900 508 1939 Et,
532 1898 673 1928 VICTOR
692 1897 883 1934 perpetuus
913 1892 1025 1931 legere
1051 1891 1182 1941 ripae,-
1228 1887 1337 1917 sumta
1362 1893 1382 1916 a
1408 1893 1447 1915 re
1469 1883 1541 1915 hel-

450 1946 536 1977 loe'ca.
592 1941 659 1980 Ipsi
693 1938 826 1970 numeri
862 1938 895 1967 et
931 1935 1116 1966 modulatio
1139 1933 1256 1964 versus
1283 1933 1429 1972 probant
1453 1930 1540 1960 hanc

448 1999 524 2023 esse
561 1996 696 2018 manum
728 1984 837 2017 Statii.
891 1982 1046 2023 Deinde,
1090 1989 1191 2011 versu
1223 1988 1321 2019 prox.
1357 1986 1427 2016 seq.
1456 1977 1538 2007 Par-

444 2035 570 2068 mensis
617 2031 742 2064 omittit
781 2030 931 2070 priorem
963 2036 1023 2060 TE.
1055 2028 1225 2067 Romana,
1271 2025 1370 2063 Quod
1404 2023 1466 2055 sub
1503 2027 1537 2053 te

448 2085 533 2115 duce
556 2087 624 2112 JAM
643 2079 785 2118 jubente
821 2077 934 2107 cessi.-
984 2083 1056 2105 non
1093 2082 1188 2104 xuxc
1219 2071 1384 2111 jubente,
1421 2078 1538 2122 quem-

447 2128 625 2161 admodum
666 2123 768 2156 scribi
803 2121 914 2154 voluit
947 2119 1163 2158 Gronovius3
1215 2118 1326 2149 minus
1357 2123 1536 2148 concinne.

447 2179 574 2207 verum
599 2174 666 2202 est:

587 2217 687 2256 Quod
713 2214 776 2246 sub
802 2218 834 2244 te
860 2214 966 2252 duce,
991 2216 1025 2243 te
1040 2210 1202 2252 jubente,
1228 2211 1330 2242 cessi.

496 2275 532 2297 v.
555 2265 609 2296 87.
703 2260 845 2292 sterilis
874 2260 943 2290 soli
964 2259 1162 2296 Furorum]
1211 2259 1262 2288 lta
1287 2257 1448 2293 Romana,
1474 2250 1536 2284 Al-

453 2313 507 2350 di,
538 2307 729 2348 Bernartii,
769 2307 803 2335 et
828 2305 916 2336 aliae
940 2304 1127 2335 editiones:
1155 2312 1344 2343 perperam.
1392 2303 1432 2331 Ῑιι
1455 2300 1538 2330 Par-

448 2357 556 2391 mensi
588 2354 703 2387 inveni
734 2359 925 2383 PUDOREnl:
969 2354 1003 2383 et
1034 2351 1083 2382 ita
1117 2350 1223 2382 edidit
1256 2348 1458 2398 Gevartius,
1502 2345 1537 2375 et

450 2408 525 2444 post
559 2411 636 2432 eum
665 2398 877 2430 Gronovius:
924 2397 979 2428 cui
1003 2396 1142 2428 lectioni
1167 2395 1401 2429 commentarii
1426 2400 1536 2425 vicem

450 2447 637 2490 praestabit
666 2447 763 2477 locus
789 2443 906 2475 Nostri
928 2445 1029 2474 Herc.
1054 2446 1209 2476 Surrent.
1233 2452 1267 2474 v.
1298 2443 1374 2473 167.

542 2495 612 2533 Qui
634 2493 770 2534 rigidas
793 2499 917 2530 rupes,
948 2491 1226 2532 infecundaeque
1251 2494 1423 2519 PUDENDA

539 2541 704 2572 Naturae
729 2538 863 2568 deserta
890 2538 1034 2576 domas‚·
1059 2542 1094 2568 et
1114 2539 1225 2568 vertis
1250 2537 1287 2566 in
1314 2544 1412 2566 usum

538 2586 678 2618 Lustra
701 2585 864 2615 habitata
882 2584 990 2625 feris.

493 2642 527 2663 v.
551 2635 606 2664 88.
698 2631 752 2661 NE
780 2639 831 2660 me
862 2629 1064 2667 pulvereum
1089 2628 1171 2666 etc.]
1226 2628 1318 2666 Lege
1344 2623 1454 2665 posita
1475 2635 1535 2658 τε·

447 2679 520 2722 λείᾳ
545 2674 671 2720 στιγμῇ
694 2678 771 2715 post
792 2675 969 2715 pudorem,

581 2725 658 2755 Nssc
683 2731 734 2752 nze
757 2722 962 2760 pulvereum
985 2728 1194 2760 gravemque
1213 2728 1315 2749 coeno

589 2768 765 2809 Tyrrheni
788 2769 886 2797 sz'nus
913 2773 1057 2796 oenum
1082 2766 1275 2806 profundi,
1303 2765 1370 2797 etc.

585 2817 657 2848 SED
682 2814 764 2845 talis
789 2814 899 2848 ferar,
922 2817 963 2843 ut
984 2814 1048 2842 etc.

448 2861 494 2892 Et
527 2857 591 2893 hoc
624 2869 742 2892 sensus
776 2858 945 2899 postulat,
998 2858 1032 2888 et
1065 2853 1313 2886 adversativum
1349 2861 1428 2887 SED.
1481 2857 1535 2889 De

449 2907 601 2946 Bagrade
643 2911 780 2939 tacente
823 2907 906 2944 ripa
949 2903 1139 2934 luculenter
1172 2900 1272 2933 Silius
1307 2902 1444 2934 Italicus
1476 2905 1536 2942 Vl,

544 3000 715 3031 Turbidus
743 3002 885 3029 arentes
906 2996 997 3026 lento
1017 2994 1103 3034 pede
1128 2993 1246 3024 sulcat·
1269 3001 1400 3026 arenas

540 3047 736 3085 Bagrada5
761 3054 829 3074 non
858 3043 927 3073 ullo
956 3041 1095 3080 Libycis
1124 3043 1159 3071 ia
1183 3037 1316 3076 finibus
1342 3050 1444 3072 amne

547 3081 667 3122 Victus
693 3092 833 3121 limosas
858 3090 1042 3120 extendere
1066 3087 1176 3117 lacius
1204 3086 1332 3123 undas,

544 3136 594 3167 Et
616 3142 802 3177 stagnante
826 3137 913 3166 vado
933 3135 1078 3175 patulos
1102 3130 1277 3163 involvere
1304 3140 1456 3171 campos.

456 3185 591 3211 tacente
622 3184 722 3222 ripa,
765 3183 910 3221 quieta5
951 3183 1070 3219 utpote
1109 3178 1166 3217 qui
1199 3178 1290 3208 lento
1314 3179 1402 3217 pede
1429 3177 1538 3209 sulcat

454 3234 595 3263 arenas,
636 3230 672 3258 et
694 3236 768 3257 cum
787 3236 902 3267 pace,
943 3230 982 3258 ut
1006 3226 1048 3256 de
1078 3224 1213 3255 flumine
1240 3224 1412 3255 Horatius.
1459 3225 1537 3255 Non

1290 388 1478 438 Noua
1511 401 1582 439 An
1616 389 1722 438 Lm.
1749 389 1828 437 IV.
1868 392 1913 438 3.

2562 422 2596 470 y
2607 421 2688 460 207

1610 522 1696 555 opus
1735 511 1841 554 igitur
1877 514 1918 546 ut
1949 515 2100 557 legemus
2128 517 2272 559 jacente
2300 524 2394 565 ripa.
2451 527 2688 568 [conjeceram

1609 569 1698 601 xnc,
1724 563 1762 592 et
1787 567 1954 603 onnue'r,
1979 572 2079 595 versu
2104 567 2279 605 sequenti:
2311 571 2442 606 veneta
2462 574 2584 619 habet,
2618 586 2688 610 nuc

1608 613 1757 639 onum-r.
1791 607 1851 638 Ex
1872 607 1984 648 Ano-J
2031 612 2125 641 vers.
2151 613 2209 644 94.
2234 621 2297 652 pro
2316 614 2416 650 ,Puro
2437 620 2549 654 Par--
2574 622 2688 656 Duro-

1652 662 1686 684 γ.
1709 652 1766 682 95.
1852 655 2056 696 pariterque
2094 665 2132 688 se
2173 663 2370 702 LEVARAT]
2425 665 2467 696 In
2503 669 2611 701 Pam.
2655 672 2692 702 et

1607 699 1702 730 Rom.
1722 697 1861 729 invenio
1883 698 2037 734 levabat:
2062 702 2154 741 quod
2174 712 2279 743 quare
2296 709 2493 744 mutaruntt
2514 714 2567 746 lta
2585 713 2689 748 etiam

1608 745 1714 777 edidit
1738 746 1899 776 Cruceus.

1653 801 1687 824 v.
1716 790 1772 821 99.
1862 789 1915 821 Et
1936 793 2016 824 totis
2043 790 2215 834 Ligurum
2237 802 2366 829 maus
2385 800 2564 843 metante]
2588 805 2690 841 Hunc

1608 837 1643 867 et
1680 837 1765 867 duos
1799 839 1980 875 sequentes
2013 847 2130 870 versus
2151 839 2200 871 ita
2224 841 2308 882 legit
2328 844 2513 887 Heinsius,
2551 849 2629 883 Not.
2652 852 2691 885 {a

1607 883 1748 915 Auctor.
1802 882 1962 914 carminis
1999 884 2041 916 de
2072 885 2261 930 Phoenice,
2309 889 2369 929 qui
2398 891 2584 927 Claudiano
2610 898 2691 930 sub·

1604 928 1769 969 iungitur,
1791 937 1825 967 p.
1850 929 1930 961 013.

1740 971 1794 1003 Et
1819 976 1900 1006 totis
1929 972 2094 1016 Ligurum
2115 984 2228 1009 m'rm·
2251 979 2429 1014 metante.-

1746 1019 1909 1057 Quantus
1933 1022 2057 1053 nubila
2081 1029 2151 1059 Quo
2176 1029 2323 1056 coronat
2340 1027 2430 1060 lius.

1741 1064 1825 1096 Illic
1837 1065 2001 1107 flectitur
2026 1074 2160 1101 uirus
2181 1076 2343 1104 vunnu:

1607 1110 1712 1151 vulgo
1733 1110 1860 1150 legitur
1884 1120 2035 1154 Nireus,
2079 1117 2113 1146 et
2133 1123 2195 1152 Qui
2218 1123 2363 1150 coronae
2390 1125 2518 1158 mam,
2555 1122 2590 1154 et
2612 1125 2693 1154 exr-

1607 1164 1678 1190 Tus
1702 1165 1854 1190 vm'roa.
1885 1158 1922 1190 in
1958 1159 2068 1199 primo
2101 1169 2204 1192 versu
2226 1162 2310 1194 nihil
2331 1166 2549 1211 mutandum,
2588 1169 2691 1202 modo

1606 1203 1850 1244 praecedentes
1870 1205 1963 1237 recte
1985 1205 2191 1248 distinguas,
2215 1207 2280 1240 hoe
2303 1209 2428 1244 modo:

1743 1249 1863 1288 Hujus
1879 1251 2002 1290 janua
2019 1261 2295 1295 prosperumque
2319 1256 2427 1289 limen

1744 1294 1885 1336 Arcus,
1910 1297 2068 1338 belligeri
2089 1299 2203 1331 Ducis
2227 1303 2382 1340 tropaeis

1744 1340 1794 1371 Ee
1821 1343 1904 1372 totis
1927 1341 2095 1383 Ligurum
2117 1353 2253 1376 urruns
2275 1345 2438 1379 metallis:

1608 1382 1726 1415 Arcus
1747 1394 1876 1417 uirens
1902 1391 2059 1426 tropaeis
2081 1396 2150 1421 ias-r
2167 1389 2285 1429 janua
2309 1397 2347 1424 et
2361 1393 2462 1423 limen
2484 1390 2590 1433 hujus
2607 1396 2692 1434 pla-

1606 1439 1674 1470 gae
1703 1439 1764 1462 seu
1802 1434 1903 1472 viae,
1946 1436 2009 1465 etc.
2045 1433 2080 1464 id
2113 1438 2187 1474 est,
2225 1446 2287 1475 per
2318 1447 2434 1469 arcum
2457 1437 2694 1479 triumphalem

1607 1475 1692 1505 haec
1730 1476 1787 1508 via
1830 1476 1990 1510 intratur.
2046 1481 2086 1510 ln
2120 1482 2293 1524 secundo,
2347 1484 2486 1515 omnino
2521 1486 2692 1519 assentior

1606 1520 1814 1553 Heinsianae
1837 1523 2085 1557 emendationi:
2123 1528 2169 1559 Et
2189 1527 2238 1560 ita
2263 1537 2327 1568 ego
2353 1530 2564 1568 conjeceram
2586 1531 2691 1573 longe

1606 1566 1800 1605 priusquam
1841 1572 1957 1601 notam
1990 1571 2123 1602 Heinsii
2163 1572 2324 1605 videram.
2379 1578 2521 1608 Sensum
2556 1577 2692 1617 quidem

1607 1612 1727 1655 efficit,
1782 1618 1906 1646 tantus
1941 1625 2050 1648 arcus
2084 1623 2235 1657 quantus
2271 1621 2330 1651 ille
2358 1626 2414 1652 est
2446 1629 2523 1662 (1111,
2539 1633 2689 1658 coronas

1606 1659 1726 1691 nubila
1760 1667 1884 1701 mum,
1926 1669 2009 1702 seu,
2051 1672 2129 1693 cum
2146 1665 2266 1704 pluit5
2309 1666 2369 1696 sed
2387 1675 2526 1699 sensum
2548 1671 2691 1713 tantum,

1607 1707 1642 1735 et
1666 1705 1937 1746 frigidissimum,
1978 1708 2012 1738 et
2035 1710 2137 1746 poeta
2165 1709 2338 1751 indignum
2351 1732 2363 1749 ‚
2390 1716 2546 1752 -propter
2568 1712 2608 1749 τὸ
2634 1723 2692 1748 m-

1606 1756 1689 1790 am,
1730 1752 1819 1790 quod
1855 1751 2106 1784 imbecillimum
2140 1758 2202 1787 est.
2248 1758 2357 1788 Multo
2378 1759 2567 1798 elegantius
2589 1753 2691 1792 indu-

1607 1796 1695 1827 citur
1729 1797 1810 1827 Dca
1852 1797 1925 1827 Iris
1961 1799 2099 1838 cingens
2134 1803 2169 1833 et
2201 1811 2374 1835 coronans
2408 1804 2542 1847 nubila,
2588 1807 2689 1839 solito

1606 1850 1667 1872 suo
1693 1842 1813 1873 officio.
1858 1842 2019 1875 Manilius
2045 1845 2103 1876 lib.
2129 1847 2156 1878 1.

1702 1887 1813 1929 thue
1845 1896 1926 1919 suos
1954 1899 2053 1921 arcus
2072 1901 2141 1930 per
2162 1891 2278 1923 nubila
2302 1894 2462 1926 circinat
2478 1897 2566 1930 llus.

1606 1933 1782 1973 Vulgatam
1822 1940 1924 1965 mam
1956 1945 2001 1967 ex
2032 1937 2147 1968 multis
2174 1942 2353 1977 poetarum
2385 1940 2472 1972 locis
2507 1942 2689 1976 defendere

1604 1982 1738 2022 potest,
1790 1979 1819 2010 si
1854 1980 1928 2019 quis
1960 1984 2100 2022 torpore
2135 1984 2333 2016 delectatur.
2386 1987 2574 2022 Memoriae
2603 1999 2689 2023 vero

1603 2027 1706 2058 falsus
1747 2025 1809 2057 fuit
1839 2026 1999 2059 Heinsius
2033 2039 2109 2060 cum
2140 2030 2353 2064 existimaret
2385 2033 2557 2074 vulgatam
2587 2036 2689 2070 Statii

1604 2073 1787 2105 lectionem
1809 2071 1912 2104 fuisse
2643 2077 2647 2080 ’

1742 2119 1905 2156 Quantus
1937 2120 2058 2151 nubila
2081 2123 2145 2162 qua·
2165 2128 2314 2155 coronat
2333 2130 2473 2157 Ancus:

1604 2163 1654 2196 ita
1679 2163 1770 2195 enim
1792 2164 1888 2196 illum
1908 2165 2130 2198 ‘existimasse
2156 2176 2201 2199 ex
2228 2170 2318 2202 Nota
2345 2170 2418 2209 ejus
2437 2170 2549 2203 video.
2595 2169 2690 2206 Em-

1605 2217 1663 2244 tas
1686 2219 1768 2242 vero
1795 2213 1933 2242 viarum
1954 2221 2018 2252 pro
2041 2215 2179 2246 excitus
2202 2217 2322 2248 viator
2342 2216 2567 2250 certissimum
2580 2221 2683 2259 puto:

1605 2260 1698 2298 patet
1723 2265 1768 2288 ex
1796 2257 1951 2297 sequenti
1977 2267 2099 2300 versu,

1742 2303 1824 2334 Illic
1856 2303 1972 2344 Appia
1996 2314 2034 2336 se
2059 2305 2148 2337 dolet
2171 2305 2326 2348 relinqui
2332 2317 2346 2340 .-

1603 2349 1650 2381 Et
1670 2347 1780 2388 Epist.
1806 2349 1850 2381 ad
1876 2351 2029 2382 Marcell.
2058 2360 2089 2382 v.
2113 2353 2148 2383 2.

1694 2395 1780 2426 Hac
1803 2398 1967 2437 ingressa
1992 2399 2074 2429 vias
2096 2407 2167 2439 qua
2187 2397 2310 2429 nobilis
2334 2395 2445 2438 Appia
2466 2400 2596 2432 crescat

1698 2443 1738 2472 ln
1765 2442 1875 2473 latus:

1603 2486 1651 2519 Et
1676 2485 1751 2519 init.
1775 2487 1874 2527 huius
1896 2488 2015 2528 Eclog.
2038 2496 2072 2519 v.
2103 2488 2135 2520 3.

1743 2533 1905 2566 saxosae
1928 2535 2016 2564 latus
2041 2534 2168 2573 Appiae
2191 2533 2346 2574 replevit.

1603 2577 1697 2610 Dicit
1732 2579 1837 2619 igitur
1862 2581 1903 2611 ab
1925 2579 1992 2611 isto
2019 2588 2099 2610 arcu
2123 2579 2255 2610 initium
2277 2580 2458 2619 sumpsisse
2488 2582 2589 2616 Vn‘ans
2613 2585 2687 2618 Do-

1604 2626 1808 2656 minanam:
1869 2623 1954 2664 quae
1985 2634 2046 2664 per
2078 2625 2214 2665 aliquod
2247 2626 2393 2665 spatium
2426 2629 2687 2665 continuabatur

1600 2670 1701 2709 juxta
1723 2672 1818 2702 latus
1842 2671 1920 2701 viae
1946 2671 2085 2710 Appiae.
2548 2705 2552 2708 ,

1651 2717 1700 2754 [v.
1731 2719 1809 2748 101.
1852 2717 1918 2748 Pro
1956 2720 2097 2749 excitus
2128 2719 2250 2748 viator
2283 2717 2444 2750 Heinsius
2468 2722 2586 2756 exitus
2607 2725 2685 2756 vs'a.

1603 2770 1705 2794 rum:
1731 2764 1881 2805 Veneta,
1906 2765 2024 2794 exitus
2051 2765 2176 2794 viator.
2221 2763 2279 2794 Ex
2300 2765 2410 2804 Ana]

1649 2816 1682 2838 v.
1718 2811 1794 2840 106.
1893 2810 2009 2840 Pium
2054 2811 2208 2840 carbasa
2251 2817 2515 2843 VENTlnANTUB
2555 2815 2685 2855 suas]

1603 2855 1661 2885 Ita
1682 2854 1787 2886 edidit
1821 2863 1881 2885 seu
1906 2854 2058 2894 corrupit
2082 2854 2268 2897 Domitius,
2311 2866 2387 2888 eum
2409 2856 2447 2888 in
2469 2857 2539 2890 suis
2562 2859 2695 2892 codici-1

1605 2901 1666 2931 bus
1701 2899 1887 2932 invenisset
1922 2903 2059 2933 Parma
2097 2903 2252 2934 carbasa
2277 2909 2518 2936 vau-rimaris
2545 2911 2682 2937 suase.

1603 2946 1648 2977 Et
1684 2946 1732 2977 ita
1763 2948 1814 2977 est
1844 2946 1879 2976 in
1909 2947 2102 2986 Parmensi,
2144 2950 2179 2979 et
2204 2948 2238 2979 in
2267 2950 2338 2980 MS.
2359 2949 2464 2981 ahud.
2488 2949 2571 2986 vidit
2594 2951 2682 2983 Gro-

1603 2991 1748 3024 novius:
1776 2993 1864 3023 unde
1888 2994 1994 3033 Reliq.
2019 2995 2061 3026 ad
2087 2995 2171 3026 Stat.
2200 2993 2283 3026 Silv.
2305 2995 2399 3036 legit,
2515 3004 2520 3011 ⁸

1739 3039 1902 3081 Pmmr,
1926 3041 2081 3072 carbasa
2103 3048 2342 3082 VENTILATls,
2367 3046 2508 3072 ΔυκΛΕε

1603 3086 1641 3115 ut
1666 3085 1766 3124 plane
1800 3086 1872 3116 cod.
1905 3086 2025 3119 Salisb.
2061 3088 2095 3118 et
2118 3089 2281 3126 excerpta
2298 3084 2547 3125 Lindenbrogii.
2591 3086 2682 3119 Nihil

1605 3132 1732 3162 verius.
1787 3133 1832 3163 Et
1865 3132 1906 3163 de
1939 3133 2001 3164 hae
2025 3133 2236 3172 Apostrophe
2260 3133 2370 3163 statlm
2393 3131 2553 3162 dicemus.
2598 3135 2682 3166 Sen-

1605 3186 1662 3208 sus
1689 3177 1779 3208 idem
1806 3180 1881 3219 est,
1924 3179 1984 3210 sed
2009 3188 2129 3212 versus
2152 3179 2258 3212 multo
2280 3177 2421 3214 melior,
2457 3186 2556 3216 quam
2580 3179 2609 3212 si
2634 3183 2684 3215 tot

1604 3231 1711 3255 voces
1736 3223 1773 3254 in
1798 3226 1827 3255 A
1853 3223 2013 3256 exissent.
