2892 3840
175 502 181 507 .
261 521 519 583 Consiliis3
549 529 712 572 tecum
745 524 1025 587 tristisque,
1055 520 1354 585 hilarisque,
1382 537 1477 571 nee
1506 499 1728 590 unquam

254 607 344 661 me
372 627 520 672 suus,
552 615 853 680 vultumque.
882 621 971 661 tuo
1006 611 1239 661 sumebat
1266 612 1330 659 ab
1366 627 1478 660 ore:

254 702 449 765 Dignus
481 710 534 750 et
565 703 870 752 Aemonium
901 691 1129 764 Pyladen
1161 702 1465 766 praecedere
1496 705 1650 765 fama,

254 790 649 858 Cecropiamque
678 795 843 844 fidem.
915 792 1007 841 sed
1036 790 1243 839 laudum
1275 794 1519 842 terminus
1552 803 1678 855 esto,

255 879 418 940 Quem
448 883 651 932 fortuna
686 886 820 942 sinit.
889 896 993 930 non
1021 888 1192 928 mente
1222 880 1417 930 fidelior
1450 899 1601 946 aegra

252 971 490 1035 Speravit
518 974 652 1021 tardi
683 974 878 1022 reditus
911 973 1164 1019 Eumaeus
1198 968 1352 1018 Ulixi.

253 1059 376 1118 Quis
403 1061 570 1118 Deus,
600 1069 688 1108 aut
716 1063 947 1125 quisnam
981 1067 1086 1106 tam
1117 1060 1283 1106 tristia
1317 1059 1529 1121 vulnera
1563 1065 1719 1131 casus⁴

248 1150 433 1211 Eligit?
457 1149 591 1197 unde
619 1165 798 1198 manus
826 1149 970 1197 Fatis
998 1155 1104 1194 tam
1136 1153 1275 1194 certa
1303 1148 1551 1196 nocendiss

250 1237 293 1284 Ο
321 1253 470 1301 quam
500 1238 695 1288 divitiis
730 1251 980 1302 censuque
1014 1242 1201 1283 exutus
1232 1237 1401 1300 opimo

246 1325 472 1397 Fortior,
506 1326 656 1386 Urse,
688 1329 851 1376 fores!
881 1328 925 1374 si
955 1325 1040 1375 vel
1065 1325 1292 1373 fumante
1326 1327 1475 1374 ruina

245 1415 543 1464 Ructassent
577 1417 707 1464 dites
736 1416 992 1465 Vesuvina
1026 1414 1259 1462 incendia
1291 1414 1494 1474 Locros,

246 1505 348 1554 Seu
375 1507 678 1555 Pollentinos
709 1507 1003 1554 mersissent
1034 1505 1243 1551 flumina
1276 1504 1459 1563 saltus3

245 1593 347 1641 Seu
375 1594 605 1644 Lucanus
637 1612 780 1658 ager,
812 1610 904 1644 seu
929 1594 1166 1655 Tybridis
1198 1595 1446 1658 impetus,
1481 1594 1609 1644 altas

243 1684 301 1731 In
328 1684 567 1734 dextrum
595 1689 826 1735 torsisset
857 1701 1040 1750 aquas,
1073 1692 1304 1748 paterere
1343 1700 1522 1733 serena

241 1771 430 1821 Fronte
465 1775 625 1824 Deos:
659 1778 768 1826 sive
800 1777 933 1825 alma
958 1776 1136 1834 fidem,
1164 1791 1454 1840 messesque
1486 1784 1720 1839 negasset

243 1862 515 1929 Cretaque,
552 1867 873 1933 Cyreneque,
911 1876 963 1914 et
993 1882 1090 1931 qua
1119 1868 1212 1914 tibi
1242 1882 1433 1931 cunque
1463 1867 1614 1915 beato

242 1952 404 2015 Larga
430 1955 565 2002 redit
594 1955 821 2004 Fortuna
849 1959 975 2005 sinu.
1047 1956 1138 2003 sed
1170 1972 1325 2018 gnara
1355 1957 1584 2005 dolorum

241 2043 438 2093 Invidia
467 2043 651 2095 infelix
685 2050 841 2096 animi
874 2048 1050 2097 vitalia
1077 2046 1226 2104 vidit,

242 2131 597 2198 Laedendiq'ue
627 2139 755 2186 vias.
822 2139 961 2187 vitae
994 2137 1148 2185 modo
1176 2138 1349 2185 limine
1385 2137 1586 2187 adultae

240 2220 287 2268 N
289 2230 451 2269 ectere
482 2224 722 2273 tendebat
742 2228 989 2288 Juvenum
1016 2227 1378 2291 pulcherrimus
1407 2228 1492 2275 ille

242 2307 370 2358 Cum
399 2312 559 2359 tribus
587 2314 726 2362 Eleis
764 2329 917 2363 unam
954 2316 1217 2363 trieterida
1249 2318 1433 2364 lustris.

240 2399 474 2469 Attendit
501 2409 647 2451 torvo
683 2405 842 2452 tristis
875 2405 1185 2452 Rhamnusia
1212 2407 1382 2454 vultu:

239 2487 315 2536 Ae
346 2490 563 2552 primum
602 2492 928 2554 implevitque
964 2499 1126 2549 toros,
1161 2494 1412 2555 oculisque
1438 2493 1655 2539 nitorem

241 2576 477 2635 Addidit,
525 2586 578 2625 et
607 2580 754 2626 solito
790 2580 1052 2643 sublimius
1090 2594 1178 2627 ora
1212 2580 1419 2638 levavit,

242 2663 401 2729 (Heul
431 2667 616 2713 misero
642 2668 791 2715 letale
825 2668 1024 2732 favens)
1057 2684 1265 2733 seseque
1298 2669 1523 2718 videndo

244 2753 440 2811 Torsit,
472 2762 524 2801 et
554 2757 769 2804 invitam
799 2766 1013 2806 mortem
1046 2760 1336 2823 complexa,
1364 2755 1556 2821 jacenti

240 2843 416 2904 Injecit
440 2856 632 2900 nexus,
661 2849 939 2910 carpsitque
969 2848 1181 2896 immitis
1212 2849 1408 2896 adunca

244 2932 346 2982 Ora
375 2933 600 2984 verenda
632 2949 799 2983 manu.
869 2939 1042 3000 quinta
1073 2941 1171 2988 vix
1205 2939 1526 3004 Phosphorus
1556 2937 1682 2987 hora

977 399 1443 467 sinvanun
1497 398 1662 450 L113.
1716 404 1773 455 ΙΙ.

2438 422 2506 471 57

2436 816 2499 862 55

2420 2149 2487 2193 70

2414 2591 2479 2634 75

333 3165 388 3203 [v.
429 3168 484 3196 65.
526 3172 723 3204 nuruum
770 3170 871 3199 antea
917 3174 1103 3200 nexi-nau.
1146 3175 1214 3199 ευ.
1247 3169 1331 3207 οη]
1380 3169 1434 3198 70.
1457 3165 1554 3207 Vulg.
1588 3172 1732 3198 canum
1770 3164 1915 3196 adultae.
1965 3166 2019 3196 71.
2052 3171 2253 3197 'rsxTAnA-r.
2302 3167 2357 3197 77.
2390 3173 2479 3197 mvr-

242 3226 332 3252 mu
358 3228 575 3258 UOBTEEQUE
598 3230 778 3255 AMPLEXA.

1586 3277 1638 3326 H
