2892 3840
915 364 1401 454 flavianum
1463 404 1629 452 Lrn.
1695 402 1733 450 l.

212 534 344 584 Huic
371 533 522 596 Lycii
544 539 744 582 montes
757 565 772 591 ,
805 529 1096 596 gelidaeque
1130 528 1422 577 umbracula
1455 527 1777 591 Thymbrae,

210 625 302 682 Et,
335 623 583 673 Parnasse
602 658 616 682 ,
646 636 819 680 sonas3
844 621 918 667 illi
949 620 1150 682 Pangea
1173 619 1437 677 resultant,

208 714 496 778 Ismaraque
512 748 527 772 ‚
558 721 610 760 et
639 711 891 778 quondam
925 708 1134 772 genialis
1163 709 1313 756 litora
1346 707 1498 757 Naxi.

211 803 353 851 Tunc
388 817 527 851 caras
558 804 717 851 iniere
747 802 906 859 fores,
943 801 1212 865 comitique
1248 815 1430 848 canoro

210 891 307 940 Hic
343 892 554 953 chelyn,
585 892 667 939 hic
702 893 887 941 flavam
916 889 1171 938 maculoso
1199 888 1412 938 nebrida
1443 898 1600 952 tergo,

209 981 306 1030 Hic
341 983 569 1044 thyrsos,
595 980 677 1028 hic
707 981 936 1042 plectra,
953 980 1147 1028 ferunt:
1181 982 1263 1027 hic
1300 983 1484 1030 enthea
1516 983 1669 1030 lauro*

211 1073 488 1137 Tempora,
521 1071 694 1117 Minoa
721 1069 909 1115 crinem
940 1071 1128 1131 premit
1157 1069 1242 1115 ille
1278 1083 1475 1117 corona.

208 1161 432 1209 Vixdum
464 1159 650 1206 emissa
682 1156 817 1214 dies,
850 1163 902 1203 et
923 1157 1033 1219 jam
1068 1157 1273 1204 socialia
1305 1165 1508 1221 praesto

209 1249 413 1307 Omina3
434 1248 543 1310 jam
578 1247 710 1295 festa
739 1246 904 1295 fervet
938 1245 1118 1293 domus
1154 1254 1366 1311 utraque
1396 1263 1605 1313 pompa:

206 1337 409 1386 Fronde
438 1339 609 1387 virent
635 1343 838 1399 postes,
872 1336 1105 1397 effulgent
1139 1339 1358 1400 compita
1392 1338 1643 1397 flammis,

207 1429 278 1476 Et
307 1442 425 1492 pars
459 1429 738 1474 immensae
767 1425 953 1487 gaudet
986 1426 1309 1476 celeberrima
1338 1430 1543 1478 Romae.

210 1517 385 1565 Omnis
415 1517 600 1574 honos,
634 1516 1040 1564 cunctijveniunt
1068 1516 1134 1564 ad
1167 1517 1344 1566 limina
1379 1519 1565 1567 fasces:

209 1607 384 1655 Omnis
410 1606 608 1671 plebeio
639 1606 818 1651 teritur
848 1612 1119 1669 praetexta
1147 1609 1389 1656 tumultu:

207 1696 302 1744 Hic
335 1697 529 1760 Eques,
555 1695 636 1742 hic
658 1695 908 1756 juvenum
939 1702 1085 1743 coetu
1123 1698 1253 1745 stola
1280 1700 1449 1746 mixta
1483 1699 1691 1749 laborat.

207 1785 400 1833 Felices
428 1791 664 1848 utrosque
697 1791 906 1833 vocant:
942 1785 1033 1833 sed
1062 1787 1118 1833 in
1150 1790 1350 1850 agmine
1376 1790 1545 1853 plures

206 1874 438 1924 Invidere
472 1874 598 1923 viro.
669 1871 976 1922 ,Iamdudum
1006 1884 1152 1939 poste
1184 1879 1384 1925 reclinis

210 1963 416 2022 Quaerit
444 1963 648 2024 Hymen
680 1963 913 2010 thalamis
945 1965 1189 2014 intactum
1224 1967 1390 2015 dicere
1419 1984 1655 2028 carmen,

211 2050 319 2110 Quo
350 2060 522 2102 vatem
551 2053 767 2099 mulcere
801 2060 976 2115 queat:
1014 2054 1102 2101 dat
1130 2054 1261 2104 Juno
1294 2059 1521 2107 verenda

208 2140 442 2198 Vincula,
473 2149 525 2187 et
555 2142 740 2202 insigni
774 2143 996 2202 geminat
1027 2142 1307 2194 Concordia
1341 2149 1506 2196 taeda:

209 2228 305 2277 Hic
347 2229 445 2276 fuit
475 2229 557 2275 ille
589 2229 718 2276 dies:
754 2239 953 2279 noctem
979 2243 1125 2282 canat
1155 2237 1266 2299 ipse
1298 2240 1528 2297 marituS,

211 2317 463 2376 Quantum
498 2334 646 2366 nosse
679 2319 807 2366 licet.
879 2320 964 2367 Sic
993 2323 1129 2370 victa
1158 2339 1339 2389 sopore
1374 2328 1549 2375 doloso

207 2408 390 2455 Martia
425 2408 662 2454 flmninea
693 2409 866 2471 posuit
895 2409 1026 2457 latus
1054 2411 1144 2459 Ilia
1175 2414 1311 2477 ripa:

208 2497 322 2545 Non
350 2497 463 2544 talis
498 2497 675 2545 niveos
707 2498 916 2544 strinxit
947 2498 1162 2548 Lavinia
1196 2504 1385 2562 vultus,

210 2584 337 2633 Cum
373 2585 541 2632 Turno
574 2594 830 2650 spectante
860 2588 1032 2648 rubet3
1067 2605 1170 2638 non
1201 2591 1413 2640 Claudia
1443 2594 1558 2643 talis

208 2674 452 2738 Respexit
482 2675 692 2738 populos
723 2679 995 2739 motaJ'am
1024 2681 1167 2741 virgo
1198 2684 1397 2730 carina.-

208 2762 351 2810 Nunc
386 2774 536 2826 opuS,
568 2763 822 2814 Aonidum
857 2770 1090 2826 comites,
1127 2772 1480 2838 tripodumque
1514 2777 1750 2837 ministri,

206 2852 437 2901 Diversis
468 2859 655 2898 certare
687 2855 877 2903 modis:
915 2865 998 2905 eat
1025 2861 1207 2909 enthea
1240 2865 1383 2912 vittis

205 2939 371 3004 Atque
401 2939 601 2987 hederis
635 2940 871 2990 redimita
903 2947 1104 3007 cohors,
1140 2959 1199 2998 ut
1231 2954 1388 3017 pollet
1422 2960 1595 3006 ovanti

207 3027 425 3095 Quisque
458 3030 581 3090 lyra.
654 3030 745 3077 sed
781 3035 1047 3099 praecipue
1079 3040 1164 3101 qui
1190 3041 1357 3089 nobile
1389 3059 1579 3104 gressu-

291 3250 332 3282 v.
356 3252 434 3284 223.
458 3253 557 3292 Vulg.
579 3260 784 3286 mas-isses
809 3262 936 3288 nosos.
984 3258 1064 3290 227.
1089 3267 1208 3294 rem-r.
1256 3264 1335 3297 231.
1362 3271 1410 3297 ΕΤ
1433 3271 1609 3300 raanxr.
1657 3269 1737 3302 235.
1764 3276 1932 3306 Qctsrus.

2400 397 2463 448 15

2366 796 2467 844 225

2366 1251 2468 1297 230

2363 1702 2463 1747 235

2356 2154 2462 2201 240

2358 2604 2456 2649 245
