2892 3840
386 406 486 452 300
1211 396 1400 452 Noun
1428 414 1498 452 Ao
1530 399 1636 449 Lm.
1671 399 1751 449 111.
1786 404 1819 449 5

478 527 528 561 Ae
553 536 666 569 nune,
689 524 847 559 Ausonio
867 527 1019 569 frustra
1039 527 1215 565 promisse
1243 526 1406 569 Quirino,

526 573 672 613 Hospita
698 572 835 615 Lagaee‘
856 578 1002 605 wroms
1029 572 1151 602 umbra
1168 571 1283 611 jaces.

394 618 535 651 Ovidius
558 621 649 652 Fast.
674 622 742 660 Vl,
769 620 846 650 529.

481 666 625 706 Hospita
647 667 857 697 csnmssx'ns
876 659 972 701 fidos
996 662 1158 694 intrasse
1177 668 1328 704 penates

529 713 695 744 Diceris:

392 756 473 788 licet
495 759 541 790 ibi
567 758 762 790 construere
786 751 899 792 possis
914 757 1068 793 penates
1099 755 1293 786 Carmentis
1321 763 1393 786 non
1409 753 1483 786 Ho-

394 806 490 844 spica
512 803 717 836 Carmentis.
763 801 891 830 Noster
917 799 1056 838 Epiced.
1082 801 1175 831 Patr.
1200 809 1234 831 v.
1259 803 1335 832 168.

575 848 725 879 Ausonii
742 847 876 884 pridem
895 844 978 876 laris
1001 846 1135 886 hospita
1161 848 1282 887 Cyme.
1277 856 1286 864 ·

394 895 429 925 id
461 898 530 936 est,
581 897 682 933 Cyme
719 901 805 931 quae
839 892 1085 932 excipiebatur
1113 891 1270 924 Ausonio
1301 892 1388 923 lare.
1444 889 1481 921 Si

394 942 476 971 haec
504 939 694 971 obse-ivano
723 947 806 969 vera
833 937 877 968 sit
905 939 956 979 (et
983 947 1065 970 tera
1090 939 1170 970 mihi
1195 939 1303 969 adhuc
1331 935 1479 975 videtur)

395 995 462 1016 non
496 986 604 1024 potuit·
635 984 786 1016 scribere
818 992 934 1015 muxm
966 983 1117 1026 hospita.
1165 985 1232 1016 Sed
1256 984 1332 1015 vide
1359 990 1481 1022 poi-:ro

396 1031 518 1070 qnippe
553 1032 663 1063 lector
693 1030 898 1084 suspiciosus
935 1031 970 1061 et
1001 1039 1108 1071 sagax
1146 1032 1316 1062 turbatum
1354 1027 1483 1067 aliquid

394 1079 446 1108 inc
472 1078 638 1110 odorabit
675 1077 803 1117 inspice
838 1076 929 1108 enim
965 1079 1070 1109 totam
1098 1078 1354 1122 Χωρογραφιίιν
1384 1075 1483 1113 hujus

393 1122 482 1155 loci:
508 1124 697 1164 Vesuvius,
724 1122 834 1162 inquit
857 1122 1007 1166 Statius,
1052 1123 1133 1155 licet
1165 1123 1343 1162 plurimum
1370 1119 1484 1152 damni

396 1170 493 1201 nobis
535 1170 712 1209 intulerit,
763 1179 834 1200 non
867 1171 980 1200 tamen
1015 1169 1176 1201 exhausit·
1206 1177 1323 1200 URBES
1354 1168 1484 1199 civibus

397 1215 491 1254 suis;
536 1219 628 1249 stan-t
657 1216 746 1247 enim
775 1216 904 1256 adbuc,
947 1217 1093 1257 florent,
1134 1219 1169 1246 et
1195 1215 1329 1254 populis
1357 1214 1485 1253 vigent.

397 1261 450 1293 liic
489 1264 578 1295 enim
622 1265 701 1294 sunt
733 1270 849 1293 URBES
881 1262 1041 1294 florentes
1080 1263 1115 1293 et
1146 1262 1273 1301 populo
1306 1261 1486 1299 refert-tae,

398 1312 543 1352 Cuma,
585 1311 619 1340 et
653 1312 836 1349 PUTEOLI,
875 1310 909 1339 et
941 1310 1050 1340 litora
1084 1316 1206 1339 MUNDO
1241 1307 1407 1347 hospita,
1452 1306 1490 1335 et

400 1357 523 1385 CAPUA
557 1358 591 1386 et
623 1358 741 1387 nostra
776 1357 970 1386 Nmroms.
1028 1355 1151 1395 Vides,
1195 1353 1338 1394 opinor,
1388 1361 1488 1391 quam

398 1410 517 1441 parum
554 1403 630 1442 apte
654 1403 761 1434 litora
788 1409 911 1432 MUNDO
934 1401 1075 1441 hospita
1105 1401 1299 1431 inserantur
1322 1399 1412 1430 inter
1437 1397 1489 1429 tot

401 1447 540 1487 propria
573 1448 713 1480 nomina-
746 1447 915 1478 locorum:
961 1447 1083 1487 quippe
1118 1455 1276 1483 ιιτοηΑ,
1317 1448 1488 1483 utcunque

403 1495 525 1525 nitendo
552 1494 711 1535 hospita,
750 1494 844 1524 nulio
868 1493 966 1532 pacto
988 1493 1111 1527 referri
1137 1494 1280 1532 possunt
1307 1491 1395 1522 inter
1420 1499 1490 1522 UR-

404 1547 491 1577 BES,
540 1539 581 1570 de
613 1541 732 1579 quibus
765 1539 829 1570 hoc
866 1540 942 1570 loco
977 1540 1048 1579 agit
1080 1539 1220 1570 Statius.
1276 1538 1344 1569 Diu
1374 1537 1490 1575 itaque

404 1584 593 1624 suspicatus
633 1596 708 1618 sum
749 1585 925 1624 proprium
961 1587 1061 1617 urbis
1104 1585 1247 1623 alicujus
1279 1593 1404 1614 nomen
1435 1582 1491 1613 hic

403 1631 623 1663 delitescere:
669 1634 703 1663 et
733 1631 938 1671 Campaniae
975 1641 1068 1663 oram
1104 1634 1138 1662 et
1170 1632 1271 1662 urbes
1294 1627 1489 1670 peragranti

405 1680 627 1719 occurrebat,
650 1679 711 1709 vix
740 1678 811 1708 fieri
837 1686 936 1717 posse
961 1678 1041 1716 quin
1066 1679 1177 1708 ΒΑῙΑΕ
1206 1676 1250 1707 sit
1274 1676 1369 1707 locus
1390 1684 1489 1714 quem

406 1725 619 1765 quaerimus,
664 1725 712 1756 ita
744 1726 936 1763 appellatae
969 1733 989 1755 a
1011 1725 1103 1755 Bm‘o
1131 1723 1241 1754 Ulixis
1263 1724 1490 1762 gubernatore

405 1770 475 1801 illic
522 1771 676 1811 sepulto·
725 1771 816 1800 unde
858 1770 976 1803 Βαίου
1009 1767 1123 1812 τάφον
1154 1770 1274 1802 Baias
1295 1770 1396 1799 vocat
1428 1769 1491 1807 Ly-

406 1816 554 1856 cophron
579 1817 769 1848 Cassandra
792 1824 823 1847 v.
851 1816 932 1847 694.

496 1864 612 1895 Βαίου
641 1859 676 1894 δ’
704 1858 859 1905 ἀμείψας
883 1858 948 1893 τοῦ
972 1855 1178 1902 κιβερνήτου
1200 1854 1324 1903 τάφον.

496 1909 725 1939 Ρνιιοίενῐοηε
755 1917 839 1937 vero
860 1906 931 1937 Baii
955 1906 1204 1947 gubernatoris
1234 1905 1439 1944 sepulcrum.

409 1954 560 1986 comitem
601 1953 720 1985 Uli-'als
754 1955 855 1984 vocat
891 1951 1031 1984 Servius
1064 1951 1107 1982 ad
1135 1953 1221 1982 Aen.
1258 1954 1319 1991 111,
1352 1953 1435 1983 441.
1461 1949 1496 1980 et

408 1999 475 2038 IX,
527 2002 607 2032 710.
643 2003 678 2032 et
713 1998 815 2032 Silius
848 1999 986 2030 Italicus
1026 1997 1105 2040 XII,
1160 1998 1240 2030 114.
1279 1998 1373 2030 Idem
1402 1998 1495 2040 vui,

870 2090 1040 2131 Ifflsenus,
1065 2094 1102 2121 et
1121 2091 1251 2122 ardens

500 2135 570 2167 Ore
592 2139 752 2178 giganteo
778 2137 876 2168 sedes
900 2137 1082 2168 Ithacesia
1103 2137 1200 2167 Bm:

411 2180 443 2211 id
464 2184 516 2213 est
539 2185 736 2222 sepulcrum
759 2184 859 2224 ΒΑΗ,
886 2181 907 2214 i.
932 2192 965 2214 e.
986 2183 1110 2213 ΒΑΙΑΕ.
1166 2181 1288 2214 Strabo
1308 2178 1366 2210 lib.
1391 2180 1433 2220 V,
1457 2189 1492 2219 p.

412 2230 488 2258 169.
538 2226 608 2266 Τὰς
641 2229 675 2262 δὲ
710 2231 823 2266 Βαΐας
849 2205 1052 2290 ἐπωνύμους
1082 2229 1169 2261 εἶναι
1205 2228 1344 2270 λεγουσι
1377 2227 1493 2258 Batou

410 2271 480 2307 τῶν
507 2269 700 2311 Ὀδυσσέως
748 2275 890 2317 ἑταίρων
920 2270 1035 2311 τινός·
1085 2272 1128 2311 ὣς
1158 2273 1214 2307 καὶ
1250 2269 1421 2314 Μισηνοῦ
1450 2269 1493 2306 τὸ

410 2316 597 2361 Μιοηνόν·
649 2321 763 2351 Bazas
803 2329 924 2351 nomen
966 2319 1096 2350 habere
1133 2319 1321 2359 perhibent
1350 2328 1374 2348 a
1408 2319 1495 2350 Buo

410 2366 577 2406 quodam,
601 2375 668 2397 uno
691 2375 738 2396 ex·
762 2366 882 2397 Uli’xzs·
911 2367 1044 2404 sociis,·
1071 2367 1166 2396 secut
1184 2365 1359 2396 Mzsenum
1383 2375 1408 2395 a
1428 2365 1496 2396 Mi-

413 2420 504 2442 seno.
534 2411 582 2442 ita
606 2411 770 2452 legendus
796 2412 860 2443 iste
884 2411 1061 2443 Strabonis
1086 2412 1201 2442 locus:
1229 2410 1354 2451 vulgo,
1379 2408 1493 2449 τινός·

411 2456 467 2488 καὶ
493 2479 658 2492 ......
679 2455 748 2490 τῶν
778 2455 973 2499 Μισητῶνι
1019 2457 1111 2488 unde
1151 2457 1240 2488 male
1275 2456 1408 2496 supplet
1429 2460 1495 2489 Ca-

411 2503 628 2557 saubonus,
654 2503 710 2536 και
743 2500 784 2536 τὸ
821 2500 990 2544 ῙΡῙισηνὸν
1023 2500 1091 2536 ἆπὸ
1120 2500 1313 2544 Μισηνοῧε
1368 2502 1492 2543 quippe

411 2545 584 2592 ἒπώνιμος
609 2543 676 2582 ἀπὸ
702 2547 871 2591 Μισηνοῦ
898 2559 968 2580 non
993 2550 1159 2581 Graecum
1181 2551 1253 2589 est,
1277 2548 1337 2579 sed
1363 2547 1493 2582 ἐπώνυ..

409 2606 474 2634 ,ιιος
497 2591 676 2637 lissomoii.
707 2595 834 2626 excidit
863 2595 1029 2634 particula
1054 2594 1096 2633 ὥς
1117 2605 1215 2635 quam
1238 2596 1396 2636 reposui,
1434 2597 1494 2626 ab-

410 2642 525 2679 sorpta
544 2650 564 2671 a
585 2641 802 2678 praecedenti
826 2642 955 2681 syllaba
980 2654 1028 2680 ος.
1055 2642 1120 2674 Sed
1145 2642 1208 2673 hoc
1227 2641 1349 2673 obiter.
1393 2642 1493 2673 Hunc

411 2686 512 2726 igitur
534 2686 636 2719 Statii
657 2687 770 2718 locum
793 2687 842 2718 sic
867 2688 966 2727 lego·
958 2710 967 2726 ‚

844 2733 901 2764 hic
925 2735 1072 2772 auspice
1095 2734 1234 2764 condita
1259 2732 1394 2764 Phoebo

503 2778 632 2817 Tecta,
657 2777 853 2810 Dicarchei
872 2785 1023 2821 portus,
1048 2784 1084 2810 et
1105 2779 1213 2809 litora
1241 2779 1319 2809 ΒΑΗ

498 2824 664 2864 IIospe‘ta.

409 2869 473 2899 Pro
501 2878 575 2902 ΒΑΗ
608 2869 767 2908 scriptum
795 2870 869 2901 erat
891 2878 993 2911 MAn,
1033 2870 1198 2909 perpetua
1218 2869 1292 2900 vice
1317 2869 1493 2901 literarum

410 2915 434 2944 R
462 2918 495 2946 et
520 2919 577 2948 M:
608 2917 699 2947 unde
737 2925 780 2947 ex
806 2925 884 2947 ΜΑΠ
905 2918 1059 2947 fecerunt
1084 2924 1221 2956 Muxm,
1247 2916 1333 2956 quod
1359 2925 1494 2948 sensum

409 2960 552 3000 aliquem
579 2962 702 2994 habere
729 2963 917 2994 videbatur.
962 2963 1050 2995 Huic
1073 2962 1263 2994 simillimus
1292 2964 1387 2995 locus
1413 2962 1497 3003 Epi-

410 3008 480 3039 ced.
503 3010 592 3040 Patr.
614 3019 646 3040 v.
674 3011 750 3041 167.

500 3057 593 3093 Quos
619 3058 783 3096 propiore
805 3057 885 3086 sinu
908 3054 998 3086 lituo
1023 3063 1183 3095 remoque
1206 3059 1349 3087 notatus

502 3102 625 3141 Collis,
649 3109 683 3134 et
708 3101 858 3132 Ausonia·
876 3102 1011 3141 pridem
1035 3101 1128 3132 laris
1149 3101 1293 3139 hospita
1320 3103 1437 3134 cvnis:

500 3147 659 3220 I(fetosque
683 3149 887 3179 Dionaeam
910 3155 1073 3189 ron-rus,
1102 3148 1304 3188 Bausaque
1327 3150 1471 3181 mittunt

530 3198 651 3223 ιτοιιᾼ.

414 3235 509 3267 vides
543 3237 686 3268 eundem
716 3238 866 3270 locorum
902 3239 1076 3281 ordinem,
1119 3240 1153 3271 et
1185 3239 1302 3271 eadem
1329 3241 1434 3272 verba
1459 3239 1496 3274 in

2491 426 2523 474 y
2545 423 2624 462 184

1545 525 1690 564 utroque
1705 525 1804 557 loco:
1825 526 1860 557 et
1879 525 2040 559 nobilitas
2057 527 2232 560 Baiarum
2251 529 2329 564 facit
2345 531 2432 564 utin
2451 541 2634 565 recensen-

1547 570 1600 603 dis
1627 572 1815 604 celebribus
1837 573 2041 613 Campaniae
2068 573 2217 616 urbibus,
2242 576 2304 608 hae
2328 578 2436 610 omitti
2462 589 2530 611 non
2554 588 2634 619 pos-

1547 617 1627 649 sint.
1674 618 1766 649 Bene
1800 620 1911 650 autem
1941 619 2084 660 hospita
2119 620 2227 653 litora
2261 625 2400 662 propter
2431 634 2632 657 concursum

1547 663 1719 696 hominum
1748 664 1805 704 qui
1824 666 2008 704 voluptatis
2031 668 2066 697 et
2090 666 2295 698 valetudinis
2319 677 2421 700 causa
2445 671 2524 702 illuc
2549 681 2631 703 con·

1548 711 1684 741 fluebat.
1730 711 1855 742 Nescio
1893 712 2061 751 quomodo
2094 711 2181 743 hanc
2203 713 2439 752 conjecturam
2457 717 2633 756 excepturi

1549 756 1618 787 sint
1644 755 1716 787 Viri
1742 756 1895 788 Eruditi:
1920 757 1999 788 mihi
2023 757 2176 799 quidem,
2199 759 2289 790 forte
2310 761 2428 798 utpote
2454 770 2540 802 mea,
2562 772 2634 795 ma-

1548 802 1642 833 xime
1667 802 1789 841 placet.
1821 803 1884 835 hoc
1908 804 2046 845 saltem,
2090 803 2232 846 opinor,
2271 804 2450 847 obtinebo,
2491 808 2635 840 Statium

1550 858 1622 880 non
1645 848 1841 898 scripsisse
1849 851 1969 881 munda·
1991 850 2159 890 hospitat,
2192 851 2251 882 sed
2276 852 2420 892 munden
2450 861 2549 891 quam
2573 853 2634 886 dif-

1550 894 1727 926 ferentiam
1777 902 1845 926 non
1892 897 1971 926 ante
2018 897 2230 928 observatam
2262 896 2410 928 memini.
2464 897 2636 940 Sequitur,

1550 948 1601 972 AT
1622 940 1679 972 luc
1706 949 1855 982 magnae
1879 943 1944 973 etc.
1971 943 2066 973 nulla
2090 943 2259 981 oppositio
2287 943 2377 975 inter
2401 943 2488 975 hanc
2512 945 2546 975 et
2568 943 2638 984 pri-

1552 995 1646 1018 orem
1673 987 1865 1018 sententiae
1886 988 2037 1027 partem:
2061 997 2167 1028 quare
2191 989 2292 1029 igitur
2316 989 2540 1022 Adversativa
2566 990 2641 1022 Ar?

1550 1034 1647 1074 lege,
1673 1041 1729 1064 ET·
1746 1033 1807 1065 laic
1827 1043 1980 1075 magnae
1999 1036 2063 1066 etc.
2090 1034 2149 1077 sed
2171 1035 2399 1078 §constanter
2419 1035 2569 1068 retinent
2581 1042 2630 1067 ΛΤ

1550 1079 1753 1118 Editiones3
1807 1082 1847 1111 ut
1888 1080 1976 1111 forte
2038 1080 2212 1120 scripserit
2253 1082 2401 1114 Statius:
2457 1089 2542 1114 ιιῐιισ
2575 1091 2641 1114 αυ-

1552 1128 1649 1165 spice
1701 1126 1840 1157 condita
1871 1126 2006 1158 Phoebo
2048 1131 2145 1158 tecta
2174 1145 2264 1152 —-
2296 1136 2346 1160 AT
2380 1135 2466 1160 mxc
2495 1136 2643 1170 magnac

1552 1182 1571 1203 e
1589 1174 1711 1203 tc.non
1732 1179 1794 1203 uic
1821 1174 1989 1214 auspice,
2016 1174 2072 1214 et,
2095 1180 2156 1204 nic
2182 1183 2341 1215 magnae.

1599 1237 1632 1259 v.
1658 1230 1715 1260 78.
1807 1229 1943 1261 Nostra
1978 1239 2110 1270 quoqne
2134 1237 2182 1261 m·
2200 1233 2359 1272 propriis
2386 1231 2524 1273 tenuis,
2575 1237 2640 1262 nee

1923 1285 2015 1306 rara
2035 1276 2163 1308 colonis

1647 1317 1896 1359 Parthenope]
1943 1321 2135 1352 Absurdum
2156 1321 2240 1360 hoc3
2264 1320 2295 1352 si
2317 1321 2407 1353 enim
2428 1320 2641 1361 Parthenope

1556 1372 1617 1394 seu
1650 1365 1813 1403 Neapolis
1846 1367 1937 1396 esset
1970 1369 2085 1399 tenuis
2116 1376 2177 1399 seu
2200 1369 2343 1407 ang-usta
2360 1370 2520 1408 propriis
2546 1366 2643 1399 ineo-

1555 1410 1619 1451 lis,
1666 1411 1834 1450 quomodo
1868 1411 1979 1451 potuit
2012 1413 2129 1444 eadem
2165 1422 2239 1445 esse
2272 1423 2340 1445 non
2375 1422 2467 1444 rara
2490 1421 2552 1445 seu
2574 1414 2645 1444 fre·

1557 1465 1662 1495 quens
1688 1458 1819 1489 colonis
1847 1459 1882 1488 et
1905 1458 2071 1491 advenis?
2106 1459 2208 1492 Dices
2234 1460 2320 1491 forte
2347 1458 2491 1491 Statium
2516 1457 2646 1491 voluis-

1557 1511 1619 1543 se,
1662 1511 1788 1541 paucos
1823 1512 1898 1534 esse
1930 1504 2125 1548 indigenas,
2170 1506 2295 1537 multos
2325 1506 2487 1537 advenas.
2539 1503 2644 1544 Atqui

1556 1548 1620 1579 hoc
1655 1548 1885 1581 contrariatur
1930 1551 2103 1591 proposito
2140 1552 2235 1591 ejus,
2285 1551 2374 1591 quod
2406 1551 2472 1583 fuit
2501 1550 2644 1582 laudare

1556 1595 1734 1633 Neapolim
1765 1595 1807 1626 ob
1831 1597 2073 1638 frequentiam
2105 1597 2246 1628 civium:
2298 1598 2392 1638 Stat,
2422 1602 2643 1632 formasque

1556 1646 1678 1672 vicar.
1714 1642 1752 1671 ut
1790 1640 2005 1674 inscitissime
2040 1643 2160 1674 fecerit
2182 1644 2209 1674 si
2226 1645 2443 1683 paucitatem
2467 1642 2646 1683 indigena·

1557 1696 1634 1718 rum
1667 1688 1850 1728 memorat,
1893 1688 1949 1719 ubi
1979 1691 2022 1721 ob
2045 1690 2252 1721 contrarium
2278 1691 2395 1721 urbem
2416 1689 2559 1720 laudare
2582 1697 2646 1719 vo·

1558 1731 1671 1764 luerit.
1726 1734 1802 1769 Quo
1846 1734 1953 1773 magis
1991 1735 2097 1767 miror
2130 1735 2267 1775 quando.
2299 1735 2401 1767 video
2434 1733 2646 1767 Gronovium

1559 1778 1700 1810 Elench.
1744 1778 1927 1811 Antidiatr.
1962 1791 1993 1812 c.
2031 1783 2091 1812 111.
2133 1783 2324 1822 culpantem
2355 1784 2520 1814 cruceum
2555 1779 2647 1822 quod

1560 1824 1649 1855 hunc
1680 1825 1791 1855 locum
1827 1822 1944 1866 (quiem
1973 1827 2163 1868 elegantem
2197 1826 2320 1870 vocat)
2344 1828 2568 1866 depravat-au
2610 1827 2646 1857 et

1562 1871 1735 1910 vulgatam
1767 1871 1903 1902 Nostra
1936 1882 2068 1914 quoque
2105 1880 2154 1904 m*
2182 1875 2339 1913 propriis
2366 1876 2430 1905 etc.
2464 1872 2512 1905 sic
2537 1871 2648 1912 expli-

1564 1918 1715 1948 cantem:
1758 1918 1862 1958 „Hoc
1887 1919 1962 1960 est,
1999 1921 2035 1950 et
2057 1921 2174 1951 nostra
2197 1919 2359 1958 Neapolis
2381 1928 2468 1960 quae
2488 1926 2537 1950 Εἰ·
2560 1917 2648 1950 indi·

1562 1963 1693 2006 „genis
1715 1964 1858 2003 angusta
1881 1965 1950 2004 est,
1992 1967 2027 1996 et
2049 1975 2118 1997 non
2145 1974 2272 2005 paucos
2291 1966 2391 1998 habet
2414 1965 2564 1997 advenas
2585 1972 2647 1995 seu

1564 2032 1587 2053 ,‚
1602 2011 1760 2041 colonos:
1803 2009 1862 2041 ubi
1899 2009 1964 2041 iste
1995 2011 2173 2054 (Cruceus)
2212 2012 2469 2049 absurdissime,
2511 2016 2548 2043 et
2565 2019 2650 2051 pro-

1562 2059 1689 2100 „priis
1726 2057 1836 2087 tenuit
1865 2066 1955 2097 quae
1981 2067 2104 2098 rura,··
2129 2058 2196 2100 vel',
2219 2061 2332 2091 tenuit
2355 2069 2421 2091 nec
2443 2067 2535 2089 rara
2557 2057 2649 2089 eolo-

1562 2102 1703 2146 „m’8.“
1749 2103 1898 2143 Verum,
1941 2104 1980 2134 ut
2013 2107 2092 2135 aute
2121 2104 2214 2141 dixi,
2259 2104 2287 2135 si
2310 2110 2466 2147 angusta
2487 2106 2578 2135 esset
2599 2103 2651 2134 in·

1562 2150 1719 2191 du’gem's,
1742 2148 1833 2178 unde
1854 2149 1949 2180 locus
1975 2158 2051 2181 esse
2075 2150 2186 2190 potuit
2206 2150 2439 2193 alienigenis?
2460 2151 2489 2183 si
2513 2152 2651 2184 civibus

1561 2197 1739 2238 refercta,
1781 2195 1872 2234 quod
1898 2195 2007 2227 voluit
2029 2196 2178 2237 Statius,
2209 2197 2300 2228 unde
2321 2200 2484 2239 propriis
2505 2195 2649 2231 tenuis?

1563 2241 1698 2273 mollire
1723 2240 1857 2279 quidem
1878 2241 2062 2284 potuisset,
2087 2243 2116 2274 si
2142 2242 2296 2283 dixisset,

1653 2298 1790 2330 Nostra
1812 2307 1943 2339 quoque
1964 2307 2014 2332 υτ
2030 2301 2189 2342 propriis
2215 2302 2351 2340 tenuis,
2385 2307 2457 2333 uon
2478 2309 2570 2333 rara
2593 2309 2651 2333 eo-

1785 2343 1875 2374 Ionz‘s
2529 2361 2542 2377 e

1653 2388 1897 2430 Parthenope:

1562 2454 1679 2479 Lice-r>
1701 2446 1847 2486 propriis
1883 2445 1995 2478 tenuis
2020 2447 2092 2490 sit,
2125 2456 2253 2481 mmsis
2272 2447 2396 2480 multos
2423 2446 2525 2478 habet
2547 2447 2651 2479 adve-

1561 2502 1642 2524 nas:
1688 2493 1748 2524 sed
1781 2495 1927 2532 utroque
1961 2503 2087 2533 genere
2122 2495 2346 2526 abundantem
2373 2495 2565 2525 monstrare
2589 2494 2650 2526 de-

1562 2539 1636 2572 buit
1662 2541 1696 2570 et
1723 2539 1832 2570 voluit
1856 2538 2006 2578 Statius,
2031 2543 2066 2571 et
2091 2540 2238 2583 scripsit,

1654 2597 1792 2629 Nostra
1823 2605 1953 2636 quoque
1982 2603 2084 2628 naun
2102 2597 2263 2638 propriis
2292 2597 2406 2628 tenuis
2419 2617 2431 2639 ,
2472 2605 2537 2629 nee
2558 2605 2651 2631 rara

1781 2642 1913 2672 colonis

1653 2684 1895 2726 Parthenope.
1890 2696 1909 2707 ·-

1563 2730 1652 2771 quod
1686 2731 1915 2770 explicatione
1945 2741 2016 2763 non
2040 2731 2180 2772 indiget.
2226 2730 2390 2772 Apuleius
2413 2732 2583 2776 Florian,
2607 2734 2651 2767 de

1561 2780 1663 2810 Samo
1687 2776 1817 2809 insuia.
1864 2780 2019 2811 Ceterum
2043 2784 2081 2810 et
2105 2779 2233 2812 ineolis
2249 2782 2449 2823 frequens,
2473 2785 2511 2812 et
2527 2780 2650 2822 hospi-

1561 2822 1653 2855 tibu‘s
1691 2823 1879 2856 celebrata.
1934 2825 2103 2864 Scriptum
2148 2828 2226 2858 erat
2252 2834 2327 2858 aur
2362 2835 2426 2865 pro
2462 2833 2564 2860 nsum·
2593 2826 2650 2859 vel

1561 2878 1682 2901 nAuo.
1726 2871 1819 2946 :inde
1853 2871 1949 2903 istud·
1966 2879 2026 2904 ΕΤ.
2074 2873 2198 2904 Omnes
2225 2873 2298 2904 fere
2319 2872 2498 2906 Editiones
2523 2873 2574 2905 its
2600 2872 2649 2904 di-

1561 2917 1789 2994 stingaeaeba
1822 2971 1953 3018 qaoque
1979 2967 2015 2995 et
2034 2965 2211 3007 propriis,
2256 2965 2370 2998 tenuta
2392 2972 2456 2996 nee
2475 2970 2567 2995 rara
2591 2969 2648 2994 oo-

1654 3009 1903 3095 PartngZZZ;

1566 3100 1654 3139 quod
1679 3101 1809 3142 altero,
1854 3101 1883 3132 si
1910 3100 1982 3134 fieri
2002 3101 2136 3143 potest,
2179 3099 2358 3133 absurdius
2383 3098 2445 3130 eut.
2466 3099 2562 3130 vers.
2590 3100 2647 3132 80.

1564 3156 1628 3186 pro
1658 3148 1842 3180 Dionaeae
1864 3148 2060 3190 columbae,
2102 3156 2188 3188 quae
2214 3149 2267 3178 est
2295 3143 2441 3177 omnium
2462 3144 2648 3179 editionum

1565 3193 1682 3232 inepta
1704 3194 1820 3235 lectio,
1846 3195 1939 3225 recte
1966 3194 2145 3225 Gevartius
2168 3193 2334 3224 Dionaea
2359 3191 2537 3224 eotuneba:
2559 3192 2649 3233 quod

1566 3240 1784 3273 confirmavit>
1802 3239 1904 3273 simili
1927 3240 2003 3272 loeo
2027 3249 2073 3273 ex
2095 3239 2198 3271 Tbeb.
2223 3237 2298 3279 vll,
2324 3237 2404 3270 663.

2847 2388 2871 2417 *J*

2839 2451 2843 2454 .
2855 2439 2867 2457 μ’

2859 2538 2865 2548 i

2855 2676 2887 2714 ri.

2838 2727 2843 2733 ,
2857 2713 2870 2742 ‘f

2867 2791 2875 2800 ,
