2892 3840
935 411 1411 450 s1nvAnuu
1476 399 1642 448 LIB.
1708 398 1777 464 V„

241 507 428 591 Ipsius,
462 523 643 574 adfuso
679 524 801 574 dum
834 532 1035 589 pectore
1063 539 1223 590 prona
1246 531 1467 572 sacratos

238 610 380 663 Ante⁴
402 614 559 679 pedes
593 614 743 665 avide
776 614 983 662 Domini
1015 622 1120 662 tam
1152 629 1337 676 magna
1368 614 1608 663 merentis

238 704 482 754 volveris,
549 687 714 751 Aonio
745 718 850 751 non
883 705 955 751 sic
984 705 1041 751 in
1071 705 1261 754 vertice
1294 702 1480 763 gaudet

239 791 400 851 Quam
434 800 579 858 pater
613 794 781 841 arcani
811 792 1055 858 praefecit
1087 792 1309 841 hiatibus
1339 793 1472 840 antri

231 862 414 929 helius
427 916 441 940 ,
477 890 565 930 aut
591 884 743 946 primi
771 883 851 929 cui
877 883 961 944 Jus
990 881 1280 931 venerabile
1315 882 1479 943 thyrsi

236 970 482 1029 Bacchus,
518 979 569 1018 et
598 957 839 1019 attonitae
875 971 1050 1018 tribuit
1082 971 1275 1019 vexilla
1314 978 1558 1020 catervae.

236 1058 341 1107 Nec
367 1068 538 1107 tamen
566 1060 646 1107 hic
678 1067 874 1106 mutata
901 1061 1067 1122 quies,
1099 1059 1389 1121 probitasve
1422 1057 1654 1106 secundis

236 1142 500 1195 Intumuit:
531 1154 675 1193 tenor
699 1146 837 1193 idem
868 1149 1063 1204 animo,
1091 1161 1357 1209 moresque
1387 1145 1623 1202 modesti,

236 1236 459 1283 Fortuna
493 1242 768 1293 crescente,
797 1244 1016 1283 manent.
1085 1237 1227 1285 fovet
1256 1235 1413 1283 anxia
1446 1248 1589 1281 curas
1660 1215 1664 1218 ²

237 1322 499 1385 Conjugis,
535 1324 858 1388 hortaturque
891 1327 1066 1384 simul,
1101 1326 1350 1388 flectitque
1384 1314 1594 1371 labores.

234 1413 349 1477 Ipsa
382 1413 537 1476 dapes
573 1413 821 1471 modicas,
857 1422 908 1460 et
944 1415 1122 1505 sobri}
1138 1415 1318 1478 pocula
1348 1413 1519 1471 tradit,

234 1502 637 1566 Exemplumque
672 1502 739 1549 ad
767 1503 924 1549 herile
958 1511 1144 1549 monet.
1214 1502 1356 1551 velut
1383 1501 1585 1566 Appula
1619 1503 1805 1563 conjux

235 1589 494 1652 Agricolae
524 1592 685 1654 parci,
715 1591 799 1639 vel
829 1591 933 1637 sole
962 1592 1149 1640 infecta
1177 1591 1380 1649 Sabina,

237 1677 375 1737 Quae
406 1679 551 1728 videt
584 1681 807 1738 emeriti,
829 1682 937 1742 jam
974 1680 1408 1744 prospectantibus
1440 1680 1608 1739 astriS,

235 1767 455 1833 Tempus
484 1768 663 1816 adesse
691 1771 816 1827 viri,
848 1785 1062 1832 propere
1094 1785 1394 1833 mensasque
1432 1777 1664 1833 torosque

232 1857 463 1916 Instruit,
506 1867 837 1922 expectatque
851 1873 1047 1919 ‚sonum
1078 1859 1336 1906 redeuntis
1370 1859 1538 1906 aratri.

233 1946 396 1995 Parva
432 1947 632 2010 loquor:
669 1955 833 1994 tecum
868 1948 1057 2009 gelidas
1089 1963 1254 1994 comes
1286 1948 1374 1994 illa
1405 1962 1497 2010 per
1524 1945 1720 2006 Arctos,

235 2035 633 2100 Sarmaticasque
668 2036 887 2094 hiemes,
927 2037 1233 2101 Istrumque,
1282 2044 1334 2084 et
1370 2035 1558 2099 pallida
1587 2036 1750 2084 Rheni

236 2124 471 2186 Frigora,
503 2133 666 2174 tecum
693 2141 867 2173 omnes
897 2128 1065 2174 ammo
1100 2128 1280 2175 durare
1312 2141 1403 2190 per
1433 2132 1619 2183 aestus,

238 2215 329 2272 Et,
366 2215 410 2260 si
445 2222 606 2261 castra
638 2215 842 2273 darent,
878 2217 1032 2264 vellet
1065 2226 1260 2278 gestare
1289 2216 1568 2280 pharetras,

235 2303 397 2350 Vellet
428 2303 709 2351 Amazonia
742 2305 872 2351 latus
900 2306 1231 2352 intercludere
1263 2306 1422 2369 pelta3

233 2392 370 2439 Dum
407 2401 457 2439 te
491 2394 730 2457 pulverea
765 2393 1007 2440 bellorum
1035 2394 1090 2440 in
1122 2394 1255 2440 nube
1286 2393 1486 2442 videret

239 2479 473 2529 Caesarei
506 2497 663 2545 prope
699 2482 887 2528 fulmen
925 2483 1065 2545 equi,
1101 2482 1370 2545 divinaque
1404 2480 1506 2527 tela

235 2569 552 2629 Librantem,
588 2580 640 2618 et
673 2587 883 2633 magnae
920 2586 1149 2634 sparsum
1181 2570 1446 2618 sudoribus
1479 2570 1669 2617 hastae.

235 2658 487 2706 Hactenus
525 2661 657 2707 alma
692 2661 885 2722 chelys:
922 2670 1120 2724 tempus
1152 2675 1284 2707 nunc
1317 2675 1504 2723 ponere
1539 2657 1760 2715 frondes,

238 2747 462 2805 Phoebe,
508 2756 644 2807 tuas,
688 2757 979 2814 moestaque
1025 2765 1219 2797 comam
1254 2749 1494 2797 damnare
1539 2762 1787 2812 cupresso.

239 2835 479 2893 Quisnam
515 2839 764 2901 impacata
798 2839 1223 2900 consanguinitate
1254 2839 1432 2899 ligavit

237 2924 513 2972 Fortunam
546 2925 891 2989 Invidiamque
926 2926 1097 2973 Deus?
1133 2928 1243 2989 quis
1267 2928 1421 2987 jussit
1448 2928 1645 2990 iniquas

238 3013 512 3062 Aeternum
544 3015 727 3062 bellare
763 3014 914 3062 deas?
947 3016 1200 3062 nullamne
1229 3016 1427 3063 notavit

322 3237 361 3266 v.
391 3239 465 3268 111.
490 3237 585 3277 Vulg.
609 3223 753 3268 ἐτη-50.
804 3238 879 3269 1111.
909 3238 1023 3274 Qum.
1073 3238 1148 3268 123.
1178 3242 1315 3267 samso.
1366 3234 1442 3265 129.
1466 3240 1624 3264 nens-m.
1676 3234 1750 3267 134.
1777 3240 1994 3267 tinnis-ru.

1603 3290 1644 3335 R

2383 406 2484 458 129

2383 893 2478 939 115

2383 1336 2482 1383 120

2381 1781 2476 1828 125

2380 2227 2478 2272 130

2332 2647 2336 2654 “
2379 2667 2471 2713 135
