<?xml version="1.0" encoding="UTF-8"?>
<!DOCTYPE html PUBLIC "-//W3C//DTD XHTML 1.0 Transitional//EN"
    "http://www.w3.org/TR/xhtml1/DTD/xhtml1-transitional.dtd">
<html xmlns="http://www.w3.org/1999/xhtml" xml:lang="en" lang="en">
 <head>
  <title>
</title>
<meta http-equiv="Content-Type" content="text/html;charset=utf-8" />
  <meta name='ocr-system' content='tesseract 3.04.00' />
  <meta name='ocr-capabilities' content='ocr_page ocr_carea ocr_par ocr_line ocrx_word'/>
</head>
<body>
  <div class='ocr_page' id='page_1' title='image "./ppapiniistatiili00statuoft_0154.png"; bbox 0 0 2892 3840; ppageno 0'>
   <div class='ocr_carea' id='block_1_1' title="bbox 1363 0 2067 47">
    <p class='ocr_par' dir='ltr' id='par_1_1' title="bbox 1363 0 2067 47">
     <span class='ocr_line' id='line_1_1' title="bbox 1363 0 2067 47; baseline 0 3793"><span class='ocrx_word' id='word_1_1' title='bbox 1363 0 2067 47; x_wconf 95' lang='lat' dir='ltr'> </span> 
     </span>
    </p>
   </div>
   <div class='ocr_carea' id='block_1_2' title="bbox 411 383 1969 449">
    <p class='ocr_par' dir='ltr' id='par_1_2' title="bbox 411 383 1969 449">
     <span class='ocr_line' id='line_1_2' title="bbox 411 383 1969 449; baseline 0.006 -15"><span class='ocrx_word' id='word_1_2' title='bbox 411 383 512 434; x_wconf 88' lang='grc'>118</span> <span class='ocrx_word' id='word_1_3' title='bbox 790 394 797 400; x_wconf 92' lang='grc'>·</span> <span class='ocrx_word' id='word_1_4' title='bbox 1074 400 1119 435; x_wconf 84' lang='lat' dir='ltr'>P.</span> <span class='ocrx_word' id='word_1_5' title='bbox 1189 390 1969 449; x_wconf 61' lang='lat' dir='ltr'>PAPJNusTArm</span> 
     </span>
    </p>
   </div>
   <div class='ocr_carea' id='block_1_3' title="bbox 309 486 1581 2956">
    <p class='ocr_par' dir='ltr' id='par_1_3' title="bbox 399 486 1344 574">
     <span class='ocr_line' id='line_1_3' title="bbox 399 486 1344 574; baseline 0.004 -18"><span class='ocrx_word' id='word_1_6' title='bbox 399 487 621 574; x_wconf 81' lang='lat' dir='ltr'>Quippe,</span> <span class='ocrx_word' id='word_1_7' title='bbox 655 515 705 556; x_wconf 92' lang='lat' dir='ltr'>te</span> <span class='ocrx_word' id='word_1_8' title='bbox 735 486 842 556; x_wconf 36' lang='lat' dir='ltr'>fido*</span> <span class='ocrx_word' id='word_1_9' title='bbox 863 510 1136 567; x_wconf 86' lang='lat' dir='ltr'>monitore,</span> <span class='ocrx_word' id='word_1_10' title='bbox 1170 517 1344 561; x_wconf 87' lang='lat' dir='ltr'>nostra</span> 
     </span>
    </p>

    <p class='ocr_par' dir='ltr' id='par_1_4' title="bbox 397 592 1205 647">
     <span class='ocr_line' id='line_1_4' title="bbox 397 592 1205 647; baseline 0.001 -1"><span class='ocrx_word' id='word_1_11' title='bbox 397 592 615 646; x_wconf 82' lang='lat' dir='ltr'>Thebais</span> <span class='ocrx_word' id='word_1_12' title='bbox 644 597 803 646; x_wconf 87' lang='lat' dir='ltr'>multa</span> <span class='ocrx_word' id='word_1_13' title='bbox 837 597 1053 643; x_wconf 84' lang='lat' dir='ltr'>cruciata</span> <span class='ocrx_word' id='word_1_14' title='bbox 1082 597 1205 647; x_wconf 85' lang='lat' dir='ltr'>lima</span> 
     </span>
    </p>

    <p class='ocr_par' dir='ltr' id='par_1_5' title="bbox 393 684 1249 736">
     <span class='ocr_line' id='line_1_5' title="bbox 393 684 1249 736; baseline 0 0"><span class='ocrx_word' id='word_1_15' title='bbox 393 687 578 736; x_wconf 84' lang='lat' dir='ltr'>Tentat</span> <span class='ocrx_word' id='word_1_16' title='bbox 611 687 787 735; x_wconf 83' lang='lat' dir='ltr'>audaci</span> <span class='ocrx_word' id='word_1_17' title='bbox 818 684 916 733; x_wconf 89' lang='lat' dir='ltr'>fide</span> <span class='ocrx_word' id='word_1_18' title='bbox 945 684 1249 736; x_wconf 79' lang='lat' dir='ltr'>Mantuanae</span> 
     </span>
    </p>

    <p class='ocr_par' dir='ltr' id='par_1_6' title="bbox 521 755 1015 822">
     <span class='ocr_line' id='line_1_6' title="bbox 521 755 1015 822; baseline -0.004 1"><span class='ocrx_word' id='word_1_19' title='bbox 521 755 525 757; x_wconf 11' lang='grc' dir='ltr'>λ</span> <span class='ocrx_word' id='word_1_20' title='bbox 611 775 806 822; x_wconf 82' lang='lat' dir='ltr'>Gaudia</span> <span class='ocrx_word' id='word_1_21' title='bbox 835 774 1015 822; x_wconf 84' lang='lat' dir='ltr'>famae.</span> 
     </span>
    </p>

    <p class='ocr_par' dir='ltr' id='par_1_7' title="bbox 392 863 1478 929">
     <span class='ocr_line' id='line_1_7' title="bbox 392 863 1478 929; baseline 0 -15"><span class='ocrx_word' id='word_1_22' title='bbox 392 866 494 914; x_wconf 87' lang='lat' dir='ltr'>Sed</span> <span class='ocrx_word' id='word_1_23' title='bbox 525 865 701 912; x_wconf 84' lang='lat' dir='ltr'>damus</span> <span class='ocrx_word' id='word_1_24' title='bbox 737 863 875 909; x_wconf 89' lang='lat' dir='ltr'>lento</span> <span class='ocrx_word' id='word_1_25' title='bbox 909 863 1146 923; x_wconf 84' lang='lat' dir='ltr'>veniam,</span> <span class='ocrx_word' id='word_1_26' title='bbox 1179 864 1314 929; x_wconf 89' lang='lat' dir='ltr'>quod</span> <span class='ocrx_word' id='word_1_27' title='bbox 1347 866 1478 915; x_wconf 89' lang='lat' dir='ltr'>alma</span> 
     </span>
    </p>

    <p class='ocr_par' dir='ltr' id='par_1_8' title="bbox 387 942 1431 1017">
     <span class='ocr_line' id='line_1_8' title="bbox 387 942 1431 1017; baseline -0.002 -15"><span class='ocrx_word' id='word_1_28' title='bbox 387 955 529 1002; x_wconf 88' lang='lat' dir='ltr'>Prole</span> <span class='ocrx_word' id='word_1_29' title='bbox 560 946 782 999; x_wconf 82' lang='lat' dir='ltr'>fundasti</span> <span class='ocrx_word' id='word_1_30' title='bbox 815 965 1000 1001; x_wconf 87' lang='lat' dir='ltr'>vacuos</span> <span class='ocrx_word' id='word_1_31' title='bbox 1036 961 1259 1017; x_wconf 78' lang='lat' dir='ltr'>penates,</span> <span class='ocrx_word' id='word_1_32' title='bbox 1429 942 1431 944; x_wconf 36' lang='lat'>¹</span> 
     </span>
    </p>

    <p class='ocr_par' dir='ltr' id='par_1_9' title="bbox 309 1040 1344 1178">
     <span class='ocr_line' id='line_1_9' title="bbox 309 1040 1344 1107; baseline 0.001 -17"><span class='ocrx_word' id='word_1_33' title='bbox 309 1105 311 1107; x_wconf 64' lang='lat'>‚</span> <span class='ocrx_word' id='word_1_34' title='bbox 387 1043 429 1090; x_wconf 92' lang='grc' dir='ltr'>Ο</span> <span class='ocrx_word' id='word_1_35' title='bbox 466 1043 599 1089; x_wconf 88' lang='lat' dir='ltr'>diem</span> <span class='ocrx_word' id='word_1_36' title='bbox 632 1040 844 1088; x_wconf 85' lang='lat' dir='ltr'>laetum!</span> <span class='ocrx_word' id='word_1_37' title='bbox 876 1043 1020 1090; x_wconf 89' lang='lat' dir='ltr'>venit</span> <span class='ocrx_word' id='word_1_38' title='bbox 1053 1058 1165 1091; x_wconf 86' lang='lat' dir='ltr'>ecce</span> <span class='ocrx_word' id='word_1_39' title='bbox 1199 1042 1344 1092; x_wconf 88' lang='lat' dir='ltr'>nobis</span> 
     </span>
     <span class='ocr_line' id='line_1_10' title="bbox 600 1129 1028 1178; baseline 0.005 -2"><span class='ocrx_word' id='word_1_40' title='bbox 600 1129 856 1177; x_wconf 84' lang='lat' dir='ltr'>Maximus</span> <span class='ocrx_word' id='word_1_41' title='bbox 890 1131 1028 1178; x_wconf 86' lang='lat' dir='ltr'>alter.</span> 
     </span>
    </p>

    <p class='ocr_par' dir='ltr' id='par_1_10' title="bbox 383 1219 1184 1280">
     <span class='ocr_line' id='line_1_11' title="bbox 383 1219 1184 1280; baseline -0.001 -11"><span class='ocrx_word' id='word_1_42' title='bbox 383 1220 587 1270; x_wconf 84' lang='lat' dir='ltr'>Orbitas</span> <span class='ocrx_word' id='word_1_43' title='bbox 619 1220 757 1266; x_wconf 89' lang='lat' dir='ltr'>omni</span> <span class='ocrx_word' id='word_1_44' title='bbox 788 1219 1025 1280; x_wconf 83' lang='lat' dir='ltr'>fugienda</span> <span class='ocrx_word' id='word_1_45' title='bbox 1053 1221 1184 1279; x_wconf 77' lang='lat' dir='ltr'>niSU,</span> 
     </span>
    </p>

    <p class='ocr_par' dir='ltr' id='par_1_11' title="bbox 380 1308 1411 1372">
     <span class='ocr_line' id='line_1_12' title="bbox 380 1308 1411 1372; baseline 0.004 -17"><span class='ocrx_word' id='word_1_46' title='bbox 380 1309 539 1367; x_wconf 79' lang='lat' dir='ltr'>Quam</span> <span class='ocrx_word' id='word_1_47' title='bbox 571 1309 757 1372; x_wconf 83' lang='lat' dir='ltr'>premit</span> <span class='ocrx_word' id='word_1_48' title='bbox 782 1308 916 1356; x_wconf 89' lang='lat' dir='ltr'>votis</span> <span class='ocrx_word' id='word_1_49' title='bbox 950 1309 1182 1357; x_wconf 88' lang='lat' dir='ltr'>inimicus</span> <span class='ocrx_word' id='word_1_50' title='bbox 1216 1308 1411 1371; x_wconf 83' lang='lat' dir='ltr'>haeres,</span> 
     </span>
    </p>

    <p class='ocr_par' dir='ltr' id='par_1_12' title="bbox 379 1396 1581 1532">
     <span class='ocr_line' id='line_1_13' title="bbox 379 1396 1581 1466; baseline 0.003 -21"><span class='ocrx_word' id='word_1_51' title='bbox 379 1398 581 1461; x_wconf 87' lang='lat' dir='ltr'>Optimo</span> <span class='ocrx_word' id='word_1_52' title='bbox 613 1411 824 1459; x_wconf 84' lang='lat' dir='ltr'>poscens</span> <span class='ocrx_word' id='word_1_53' title='bbox 865 1396 1043 1461; x_wconf 89' lang='lat' dir='ltr'>(pudet</span> <span class='ocrx_word' id='word_1_54' title='bbox 1082 1396 1202 1463; x_wconf 85' lang='lat' dir='ltr'>heu)</span> <span class='ocrx_word' id='word_1_55' title='bbox 1245 1401 1581 1466; x_wconf 88' lang='lat' dir='ltr'>propinquum</span> 
     </span>
     <span class='ocr_line' id='line_1_14' title="bbox 595 1484 1244 1532; baseline 0.005 -2"><span class='ocrx_word' id='word_1_56' title='bbox 595 1484 770 1531; x_wconf 86' lang='lat' dir='ltr'>Funus</span> <span class='ocrx_word' id='word_1_57' title='bbox 805 1486 978 1532; x_wconf 77' lang='lat' dir='ltr'>amieo.</span> <span class='ocrx_word' id='word_1_58' title='bbox 1238 1492 1244 1503; x_wconf 86' lang='lat'><strong>‘</strong></span> 
     </span>
    </p>

    <p class='ocr_par' dir='ltr' id='par_1_13' title="bbox 369 1574 1192 1624">
     <span class='ocr_line' id='line_1_15' title="bbox 369 1574 1192 1624; baseline -0.002 0"><span class='ocrx_word' id='word_1_59' title='bbox 369 1576 576 1624; x_wconf 86' lang='lat' dir='ltr'>Orbitas</span> <span class='ocrx_word' id='word_1_60' title='bbox 612 1574 749 1621; x_wconf 88' lang='lat' dir='ltr'>nullo</span> <span class='ocrx_word' id='word_1_61' title='bbox 782 1574 1028 1622; x_wconf 85' lang='lat' dir='ltr'>tumulata</span> <span class='ocrx_word' id='word_1_62' title='bbox 1058 1575 1192 1623; x_wconf 89' lang='lat' dir='ltr'>fletu.</span> 
     </span>
    </p>

    <p class='ocr_par' dir='ltr' id='par_1_14' title="bbox 374 1663 1376 1730">
     <span class='ocr_line' id='line_1_16' title="bbox 374 1663 1376 1730; baseline 0.004 -17"><span class='ocrx_word' id='word_1_63' title='bbox 374 1666 485 1714; x_wconf 88' lang='lat' dir='ltr'>Stat</span> <span class='ocrx_word' id='word_1_64' title='bbox 521 1665 670 1711; x_wconf 89' lang='lat' dir='ltr'>domo</span> <span class='ocrx_word' id='word_1_65' title='bbox 702 1670 848 1726; x_wconf 84' lang='lat' dir='ltr'>capta</span> <span class='ocrx_word' id='word_1_66' title='bbox 878 1663 1087 1727; x_wconf 86' lang='lat' dir='ltr'>cupidus</span> <span class='ocrx_word' id='word_1_67' title='bbox 1123 1674 1376 1730; x_wconf 86' lang='lat' dir='ltr'>superstes</span> 
     </span>
    </p>

    <p class='ocr_par' dir='ltr' id='par_1_15' title="bbox 372 1752 1273 1905">
     <span class='ocr_line' id='line_1_17' title="bbox 372 1752 1273 1817; baseline 0 -14"><span class='ocrx_word' id='word_1_68' title='bbox 372 1755 644 1803; x_wconf 90' lang='lat' dir='ltr'>Imminens</span> <span class='ocrx_word' id='word_1_69' title='bbox 675 1753 764 1799; x_wconf 89' lang='lat' dir='ltr'>leti</span> <span class='ocrx_word' id='word_1_70' title='bbox 794 1752 993 1815; x_wconf 78' lang='lat' dir='ltr'>spoliiS,</span> <span class='ocrx_word' id='word_1_71' title='bbox 1028 1760 1079 1800; x_wconf 85' lang='lat' dir='ltr'>et</span> <span class='ocrx_word' id='word_1_72' title='bbox 1104 1754 1273 1817; x_wconf 85' lang='lat' dir='ltr'>ipsum</span> 
     </span>
     <span class='ocr_line' id='line_1_18' title="bbox 591 1841 1073 1905; baseline -0.004 -16"><span class='ocrx_word' id='word_1_73' title='bbox 591 1841 862 1905; x_wconf 83' lang='lat' dir='ltr'>Computat</span> <span class='ocrx_word' id='word_1_74' title='bbox 892 1841 1073 1901; x_wconf 84' lang='lat' dir='ltr'>ignem.</span> 
     </span>
    </p>

    <p class='ocr_par' dir='ltr' id='par_1_16' title="bbox 371 1919 1380 2001">
     <span class='ocr_line' id='line_1_19' title="bbox 371 1919 1380 2001; baseline 0.001 -22"><span class='ocrx_word' id='word_1_75' title='bbox 371 1934 534 1980; x_wconf 91' lang='lat' dir='ltr'>Duret</span> <span class='ocrx_word' id='word_1_76' title='bbox 562 1919 618 1978; x_wconf 89' lang='lat' dir='ltr'>in</span> <span class='ocrx_word' id='word_1_77' title='bbox 650 1931 853 1991; x_wconf 83' lang='lat' dir='ltr'>longum</span> <span class='ocrx_word' id='word_1_78' title='bbox 882 1943 1151 1990; x_wconf 86' lang='lat' dir='ltr'>generosus</span> <span class='ocrx_word' id='word_1_79' title='bbox 1183 1932 1350 2001; x_wconf 68' lang='lat' dir='ltr'>infans</span> <span class='ocrx_word' id='word_1_80' title='bbox 1365 1966 1380 1991; x_wconf 90' lang='lat'>‚</span> 
     </span>
    </p>

    <p class='ocr_par' dir='ltr' id='par_1_17' title="bbox 343 2016 1344 2083">
     <span class='ocr_line' id='line_1_20' title="bbox 343 2016 1344 2083; baseline 0 -15"><span class='ocrx_word' id='word_1_81' title='bbox 343 2016 348 2021; x_wconf 51' lang='lat'><strong>⁴</strong></span> <span class='ocrx_word' id='word_1_82' title='bbox 371 2021 561 2083; x_wconf 90' lang='lat' dir='ltr'>Perque</span> <span class='ocrx_word' id='word_1_83' title='bbox 592 2033 696 2065; x_wconf 89' lang='lat' dir='ltr'>non</span> <span class='ocrx_word' id='word_1_84' title='bbox 724 2017 895 2064; x_wconf 86' lang='lat' dir='ltr'>multis</span> <span class='ocrx_word' id='word_1_85' title='bbox 921 2018 1018 2064; x_wconf 92' lang='lat' dir='ltr'>iter</span> <span class='ocrx_word' id='word_1_86' title='bbox 1046 2019 1344 2083; x_wconf 69' lang='lat' dir='ltr'>expeditum</span> 
     </span>
    </p>

    <p class='ocr_par' dir='ltr' id='par_1_18' title="bbox 373 2108 1396 2245">
     <span class='ocr_line' id='line_1_21' title="bbox 373 2108 1396 2174; baseline 0.001 -17"><span class='ocrx_word' id='word_1_87' title='bbox 373 2109 576 2158; x_wconf 80' lang='lat' dir='ltr'>Crescat</span> <span class='ocrx_word' id='word_1_88' title='bbox 602 2109 657 2155; x_wconf 91' lang='lat' dir='ltr'>in</span> <span class='ocrx_word' id='word_1_89' title='bbox 691 2121 857 2154; x_wconf 89' lang='lat' dir='ltr'>mores</span> <span class='ocrx_word' id='word_1_90' title='bbox 894 2108 1109 2170; x_wconf 87' lang='lat' dir='ltr'>patrios,</span> <span class='ocrx_word' id='word_1_91' title='bbox 1146 2123 1396 2174; x_wconf 87' lang='lat' dir='ltr'>avumque</span> 
     </span>
     <span class='ocr_line' id='line_1_22' title="bbox 588 2196 1220 2245; baseline -0.005 -1"><span class='ocrx_word' id='word_1_92' title='bbox 588 2197 835 2245; x_wconf 87' lang='lat' dir='ltr'>Provocet</span> <span class='ocrx_word' id='word_1_93' title='bbox 864 2197 1008 2242; x_wconf 87' lang='lat' dir='ltr'>actis!</span> <span class='ocrx_word' id='word_1_94' title='bbox 1218 2196 1220 2198; x_wconf 71' lang='grc'><strong><em>’</em></strong></span> 
     </span>
    </p>

    <p class='ocr_par' dir='ltr' id='par_1_19' title="bbox 371 2284 1322 2349">
     <span class='ocr_line' id='line_1_23' title="bbox 371 2284 1322 2349; baseline 0.001 -14"><span class='ocrx_word' id='word_1_95' title='bbox 371 2288 450 2335; x_wconf 91' lang='lat' dir='ltr'>Tu</span> <span class='ocrx_word' id='word_1_96' title='bbox 481 2294 593 2334; x_wconf 87' lang='lat' dir='ltr'>tuos</span> <span class='ocrx_word' id='word_1_97' title='bbox 626 2300 784 2349; x_wconf 85' lang='lat' dir='ltr'>parvo</span> <span class='ocrx_word' id='word_1_98' title='bbox 818 2284 1122 2333; x_wconf 87' lang='lat' dir='ltr'>memorabis</span> <span class='ocrx_word' id='word_1_99' title='bbox 1160 2295 1322 2345; x_wconf 79' lang='lat' dir='ltr'>enses,</span> 
     </span>
    </p>

    <p class='ocr_par' dir='ltr' id='par_1_20' title="bbox 369 2365 1275 2435">
     <span class='ocr_line' id='line_1_24' title="bbox 369 2365 1275 2435; baseline 0.001 -13"><span class='ocrx_word' id='word_1_100' title='bbox 369 2372 505 2435; x_wconf 73' lang='lat' dir='ltr'>Quos</span> <span class='ocrx_word' id='word_1_101' title='bbox 538 2375 603 2422; x_wconf 84' lang='lat' dir='ltr'>ad</span> <span class='ocrx_word' id='word_1_102' title='bbox 632 2375 796 2421; x_wconf 89' lang='lat' dir='ltr'>Eoum</span> <span class='ocrx_word' id='word_1_103' title='bbox 832 2365 1275 2423; x_wconf 43' lang='lat' dir='ltr'>tuleris&#39;Orontem</span> 
     </span>
    </p>

    <p class='ocr_par' dir='ltr' id='par_1_21' title="bbox 366 2452 1255 2600">
     <span class='ocr_line' id='line_1_25' title="bbox 366 2452 1247 2528; baseline -0.001 -15"><span class='ocrx_word' id='word_1_104' title='bbox 366 2452 523 2528; x_wconf 82' lang='lat' dir='ltr'>Signa</span> <span class='ocrx_word' id='word_1_105' title='bbox 553 2464 778 2512; x_wconf 86' lang='lat' dir='ltr'>frenatae</span> <span class='ocrx_word' id='word_1_106' title='bbox 812 2462 1102 2511; x_wconf 82' lang='lat' dir='ltr'>moderatus</span> <span class='ocrx_word' id='word_1_107' title='bbox 1139 2464 1247 2512; x_wconf 90' lang='lat' dir='ltr'>alae</span> 
     </span>
     <span class='ocr_line' id='line_1_26' title="bbox 589 2540 1255 2600; baseline -0.005 0"><span class='ocrx_word' id='word_1_108' title='bbox 589 2551 796 2600; x_wconf 87' lang='lat' dir='ltr'>Castore</span> <span class='ocrx_word' id='word_1_109' title='bbox 831 2551 1038 2598; x_wconf 85' lang='lat' dir='ltr'>dextro:</span> <span class='ocrx_word' id='word_1_110' title='bbox 1244 2540 1255 2549; x_wconf 72' lang='grc'><strong>”</strong></span> 
     </span>
    </p>

    <p class='ocr_par' dir='ltr' id='par_1_22' title="bbox 361 2639 1261 2703">
     <span class='ocr_line' id='line_1_27' title="bbox 361 2639 1261 2703; baseline -0.003 -11"><span class='ocrx_word' id='word_1_111' title='bbox 361 2645 478 2701; x_wconf 88' lang='lat' dir='ltr'>Ille&#39;,</span> <span class='ocrx_word' id='word_1_112' title='bbox 510 2649 569 2688; x_wconf 91' lang='lat' dir='ltr'>ut</span> <span class='ocrx_word' id='word_1_113' title='bbox 597 2641 774 2690; x_wconf 86' lang='lat' dir='ltr'>invicti</span> <span class='ocrx_word' id='word_1_114' title='bbox 801 2639 1034 2703; x_wconf 89' lang='lat' dir='ltr'>rapidum</span> <span class='ocrx_word' id='word_1_115' title='bbox 1063 2648 1261 2689; x_wconf 85' lang='lat' dir='ltr'>secutus</span> 
     </span>
    </p>

    <p class='ocr_par' dir='ltr' id='par_1_23' title="bbox 364 2728 1318 2790">
     <span class='ocr_line' id='line_1_28' title="bbox 364 2728 1318 2790; baseline -0.004 -8"><span class='ocrx_word' id='word_1_116' title='bbox 364 2731 595 2782; x_wconf 85' lang='lat' dir='ltr'>Caesaris</span> <span class='ocrx_word' id='word_1_117' title='bbox 628 2728 842 2785; x_wconf 88' lang='lat' dir='ltr'>fulmen,</span> <span class='ocrx_word' id='word_1_118' title='bbox 880 2728 1066 2790; x_wconf 85' lang='lat' dir='ltr'>refugis</span> <span class='ocrx_word' id='word_1_119' title='bbox 1083 2744 1318 2778; x_wconf 81' lang='lat' dir='ltr'>amaram</span> 
     </span>
    </p>

    <p class='ocr_par' dir='ltr' id='par_1_24' title="bbox 364 2815 1302 2956">
     <span class='ocr_line' id='line_1_29' title="bbox 364 2815 1302 2878; baseline -0.005 -6"><span class='ocrx_word' id='word_1_120' title='bbox 364 2821 606 2871; x_wconf 87' lang='lat' dir='ltr'>Sarmatis</span> <span class='ocrx_word' id='word_1_121' title='bbox 639 2817 801 2878; x_wconf 83' lang='lat' dir='ltr'>legem</span> <span class='ocrx_word' id='word_1_122' title='bbox 831 2815 1055 2877; x_wconf 86' lang='lat' dir='ltr'>dederit,</span> <span class='ocrx_word' id='word_1_123' title='bbox 1081 2819 1172 2866; x_wconf 86' lang='lat' dir='ltr'>sub</span> <span class='ocrx_word' id='word_1_124' title='bbox 1203 2833 1302 2866; x_wconf 88' lang='lat' dir='ltr'>uno</span> 
     </span>
     <span class='ocr_line' id='line_1_30' title="bbox 563 2905 931 2956; baseline -0.005 -3"><span class='ocrx_word' id='word_1_125' title='bbox 563 2907 746 2956; x_wconf 86' lang='lat' dir='ltr'>Vivere</span> <span class='ocrx_word' id='word_1_126' title='bbox 782 2905 931 2953; x_wconf 81' lang='lat' dir='ltr'>caelo.</span> 
     </span>
    </p>
   </div>
   <div class='ocr_carea' id='block_1_4' title="bbox 364 3095 667 3103">
    <p class='ocr_par' dir='ltr' id='par_1_25' title="bbox 364 3095 667 3103">
     <span class='ocr_line' id='line_1_31' title="bbox 364 3095 667 3103; baseline 0 737"><span class='ocrx_word' id='word_1_127' title='bbox 364 3095 667 3103; x_wconf 95' lang='lat' dir='ltr'> </span> 
     </span>
    </p>
   </div>
   <div class='ocr_carea' id='block_1_5' title="bbox 453 3214 873 3252">
    <p class='ocr_par' dir='ltr' id='par_1_26' title="bbox 453 3214 873 3252">
     <span class='ocr_line' id='line_1_32' title="bbox 453 3214 873 3252; baseline -0.007 -6"><span class='ocrx_word' id='word_1_128' title='bbox 453 3219 493 3247; x_wconf 71' lang='lat' dir='ltr'>V.</span> <span class='ocrx_word' id='word_1_129' title='bbox 519 3217 571 3246; x_wconf 78' lang='grc'>51.</span> <span class='ocrx_word' id='word_1_130' title='bbox 595 3214 691 3252; x_wconf 72' lang='lat' dir='ltr'>Vulg.</span> <span class='ocrx_word' id='word_1_131' title='bbox 719 3215 777 3243; x_wconf 81' lang='lat' dir='ltr'>sub</span> <span class='ocrx_word' id='word_1_132' title='bbox 802 3222 873 3245; x_wconf 65' lang='lat'>1³10.</span> 
     </span>
    </p>
   </div>
   <div class='ocr_carea' id='block_1_6' title="bbox 2107 0 2889 3840">
    <p class='ocr_par' dir='ltr' id='par_1_27' title="bbox 2107 0 2889 3840">
     <span class='ocr_line' id='line_1_33' title="bbox 2107 0 2889 3840; baseline 0 6"><span class='ocrx_word' id='word_1_133' title='bbox 2107 0 2889 3840; x_wconf 95' lang='lat' dir='ltr'> </span> 
     </span>
    </p>
   </div>
  </div>
 </body>
</html>
