<?xml version="1.0" encoding="UTF-8"?>
<!DOCTYPE html PUBLIC "-//W3C//DTD XHTML 1.0 Transitional//EN"
    "http://www.w3.org/TR/xhtml1/DTD/xhtml1-transitional.dtd">
<html xmlns="http://www.w3.org/1999/xhtml" xml:lang="en" lang="en">
 <head>
  <title>
</title>
<meta http-equiv="Content-Type" content="text/html;charset=utf-8" />
  <meta name='ocr-system' content='tesseract 3.04.00' />
  <meta name='ocr-capabilities' content='ocr_page ocr_carea ocr_par ocr_line ocrx_word'/>
</head>
<body>
  <div class='ocr_page' id='page_1' title='image "./ppapiniistatiili00statuoft_0184.png"; bbox 0 0 2892 3840; ppageno 0'>
   <div class='ocr_carea' id='block_1_1' title="bbox 383 405 1984 456">
    <p class='ocr_par' dir='ltr' id='par_1_1' title="bbox 383 405 1984 456">
     <span class='ocr_line' id='line_1_1' title="bbox 383 405 1984 456; baseline -0.004 0"><span class='ocrx_word' id='word_1_1' title='bbox 383 405 561 456; x_wconf 55' lang='lat'>148»</span> <span class='ocrx_word' id='word_1_2' title='bbox 1088 410 1984 449; x_wconf 72' lang='lat' dir='ltr'>P.PAP1N11sTA&#39;1-11</span> 
     </span>
    </p>
   </div>
   <div class='ocr_carea' id='block_1_2' title="bbox 387 522 2642 1300">
    <p class='ocr_par' dir='ltr' id='par_1_2' title="bbox 387 522 1772 590">
     <span class='ocr_line' id='line_1_2' title="bbox 387 522 1772 590; baseline -0.009 -8"><span class='ocrx_word' id='word_1_3' title='bbox 387 529 599 590; x_wconf 84' lang='lat' dir='ltr'>Nestor,</span> <span class='ocrx_word' id='word_1_4' title='bbox 629 536 682 577; x_wconf 89' lang='lat' dir='ltr'>et</span> <span class='ocrx_word' id='word_1_5' title='bbox 712 522 946 576; x_wconf 83' lang='lat' dir='ltr'><strong>indomiti</strong></span> <span class='ocrx_word' id='word_1_6' title='bbox 973 525 1204 573; x_wconf 82' lang='lat' dir='ltr'>Phoenix</span> <span class='ocrx_word' id='word_1_7' title='bbox 1239 523 1528 572; x_wconf 80' lang='lat' dir='ltr'>moderator</span> <span class='ocrx_word' id='word_1_8' title='bbox 1562 524 1772 583; x_wconf 84' lang='lat' dir='ltr'>alumni3</span> 
     </span>
    </p>

    <p class='ocr_par' dir='ltr' id='par_1_3' title="bbox 390 613 1730 683">
     <span class='ocr_line' id='line_1_3' title="bbox 390 613 1730 683; baseline -0.007 -15"><span class='ocrx_word' id='word_1_9' title='bbox 390 618 583 683; x_wconf 76' lang='lat' dir='ltr'>Quique</span> <span class='ocrx_word' id='word_1_10' title='bbox 613 618 758 666; x_wconf 89' lang='lat' dir='ltr'>tubas</span> <span class='ocrx_word' id='word_1_11' title='bbox 786 630 949 672; x_wconf 87' lang='lat' dir='ltr'>acres,</span> <span class='ocrx_word' id='word_1_12' title='bbox 983 615 1231 677; x_wconf 88' lang='lat' dir='ltr'>lituosque</span> <span class='ocrx_word' id='word_1_13' title='bbox 1265 613 1439 660; x_wconf 89' lang='lat' dir='ltr'>audire</span> <span class='ocrx_word' id='word_1_14' title='bbox 1473 613 1730 662; x_wconf 90' lang='lat' dir='ltr'>volentem</span> 
     </span>
    </p>

    <p class='ocr_par' dir='ltr' id='par_1_4' title="bbox 389 701 1620 764">
     <span class='ocr_line' id='line_1_4' title="bbox 389 701 1620 764; baseline -0.007 -7"><span class='ocrx_word' id='word_1_15' title='bbox 389 707 670 764; x_wconf 82' lang='lat' dir='ltr'><strong>Aeaciden,</strong></span> <span class='ocrx_word' id='word_1_16' title='bbox 715 706 812 758; x_wconf 84' lang='lat' dir='ltr'>alio</span> <span class='ocrx_word' id='word_1_17' title='bbox 852 702 1114 764; x_wconf 85' lang='lat' dir='ltr'>frangebat</span> <span class='ocrx_word' id='word_1_18' title='bbox 1159 705 1379 751; x_wconf 84' lang='lat' dir='ltr'>carmine</span> <span class='ocrx_word' id='word_1_19' title='bbox 1421 701 1620 750; x_wconf 87' lang='lat' dir='ltr'>Chiron.</span> 
     </span>
    </p>

    <p class='ocr_par' dir='ltr' id='par_1_5' title="bbox 392 778 2631 949">
     <span class='ocr_line' id='line_1_5' title="bbox 393 778 2631 851; baseline -0.004 -6"><span class='ocrx_word' id='word_1_20' title='bbox 393 796 536 845; x_wconf 90' lang='lat' dir='ltr'>Talia</span> <span class='ocrx_word' id='word_1_21' title='bbox 571 796 691 843; x_wconf 91' lang='lat' dir='ltr'>dum</span> <span class='ocrx_word' id='word_1_22' title='bbox 725 791 971 850; x_wconf 82' lang='lat' dir='ltr'>celebras,</span> <span class='ocrx_word' id='word_1_23' title='bbox 1015 791 1233 839; x_wconf 89' lang='lat' dir='ltr'>subitam</span> <span class='ocrx_word' id='word_1_24' title='bbox 1269 791 1430 841; x_wconf 88' lang='lat' dir='ltr'>civilis</span> <span class='ocrx_word' id='word_1_25' title='bbox 1459 792 1680 851; x_wconf 82' lang='lat' dir='ltr'>Erinnys</span> <span class='ocrx_word' id='word_1_26' title='bbox 2042 778 2051 806; x_wconf 67' lang='lat'><em>*</em></span> <span class='ocrx_word' id='word_1_27' title='bbox 2537 793 2631 838; x_wconf 82' lang='lat'>195</span> 
     </span>
     <span class='ocr_line' id='line_1_6' title="bbox 392 870 2023 949; baseline -0.005 -16"><span class='ocrx_word' id='word_1_28' title='bbox 392 885 605 949; x_wconf 91' lang='lat' dir='ltr'>Tarpeio</span> <span class='ocrx_word' id='word_1_29' title='bbox 635 883 697 929; x_wconf 90' lang='lat' dir='ltr'>de</span> <span class='ocrx_word' id='word_1_30' title='bbox 732 888 904 928; x_wconf 85' lang='lat' dir='ltr'>monte</span> <span class='ocrx_word' id='word_1_31' title='bbox 939 881 1126 938; x_wconf 89' lang='lat' dir='ltr'>facem,</span> <span class='ocrx_word' id='word_1_32' title='bbox 1160 881 1527 943; x_wconf 83' lang='lat' dir='ltr'>Phlegraeaque</span> <span class='ocrx_word' id='word_1_33' title='bbox 1554 880 1716 929; x_wconf 88' lang='lat' dir='ltr'>movit</span> <span class='ocrx_word' id='word_1_34' title='bbox 2020 870 2023 871; x_wconf 34' lang='lat'><em>⁷</em></span> 
     </span>
    </p>

    <p class='ocr_par' dir='ltr' id='par_1_6' title="bbox 390 968 1608 1033">
     <span class='ocr_line' id='line_1_7' title="bbox 390 968 1608 1033; baseline -0.005 -12"><span class='ocrx_word' id='word_1_35' title='bbox 390 973 596 1021; x_wconf 86' lang='lat' dir='ltr'>Praelia.</span> <span class='ocrx_word' id='word_1_36' title='bbox 666 970 918 1030; x_wconf 83' lang='lat' dir='ltr'>sacrilegis</span> <span class='ocrx_word' id='word_1_37' title='bbox 952 970 1120 1016; x_wconf 89' lang='lat' dir='ltr'>lucent</span> <span class='ocrx_word' id='word_1_38' title='bbox 1147 968 1394 1033; x_wconf 89' lang='lat' dir='ltr'>Capitolia</span> <span class='ocrx_word' id='word_1_39' title='bbox 1430 969 1608 1026; x_wconf 90' lang='lat' dir='ltr'>taedis,</span> 
     </span>
    </p>

    <p class='ocr_par' dir='ltr' id='par_1_7' title="bbox 390 1058 1678 1108">
     <span class='ocr_line' id='line_1_8' title="bbox 390 1058 1678 1108; baseline -0.003 0"><span class='ocrx_word' id='word_1_40' title='bbox 390 1063 457 1108; x_wconf 89' lang='lat' dir='ltr'>Et</span> <span class='ocrx_word' id='word_1_41' title='bbox 483 1060 738 1107; x_wconf 86' lang='lat' dir='ltr'>Senonum</span> <span class='ocrx_word' id='word_1_42' title='bbox 774 1058 930 1106; x_wconf 83' lang='lat' dir='ltr'>furias</span> <span class='ocrx_word' id='word_1_43' title='bbox 959 1058 1135 1106; x_wconf 86' lang='lat' dir='ltr'>Latiae</span> <span class='ocrx_word' id='word_1_44' title='bbox 1171 1073 1394 1106; x_wconf 88' lang='lat' dir='ltr'>sumsere</span> <span class='ocrx_word' id='word_1_45' title='bbox 1437 1058 1678 1105; x_wconf 87' lang='lat' dir='ltr'>cohortes.</span> 
     </span>
    </p>

    <p class='ocr_par' dir='ltr' id='par_1_8' title="bbox 390 1148 1861 1212">
     <span class='ocr_line' id='line_1_9' title="bbox 390 1148 1861 1212; baseline -0.001 -17"><span class='ocrx_word' id='word_1_46' title='bbox 390 1149 494 1197; x_wconf 85' lang='lat' dir='ltr'>Vix</span> <span class='ocrx_word' id='word_1_47' title='bbox 521 1149 718 1212; x_wconf 89' lang='lat' dir='ltr'>requies</span> <span class='ocrx_word' id='word_1_48' title='bbox 754 1148 1015 1206; x_wconf 88' lang='lat' dir='ltr'>flammae,</span> <span class='ocrx_word' id='word_1_49' title='bbox 1052 1163 1145 1195; x_wconf 92' lang='lat' dir='ltr'>nec</span> <span class='ocrx_word' id='word_1_50' title='bbox 1182 1148 1304 1195; x_wconf 89' lang='lat' dir='ltr'>dum</span> <span class='ocrx_word' id='word_1_51' title='bbox 1338 1163 1487 1209; x_wconf 85' lang='lat' dir='ltr'>rogus</span> <span class='ocrx_word' id='word_1_52' title='bbox 1517 1148 1601 1194; x_wconf 92' lang='lat' dir='ltr'>ille</span> <span class='ocrx_word' id='word_1_53' title='bbox 1638 1149 1861 1195; x_wconf 89' lang='lat' dir='ltr'>Deorum</span> 
     </span>
    </p>

    <p class='ocr_par' dir='ltr' id='par_1_9' title="bbox 392 1227 2642 1300">
     <span class='ocr_line' id='line_1_10' title="bbox 392 1227 2642 1300; baseline -0.003 -15"><span class='ocrx_word' id='word_1_54' title='bbox 392 1236 616 1295; x_wconf 84' lang='lat' dir='ltr'>Siderat,</span> <span class='ocrx_word' id='word_1_55' title='bbox 654 1237 839 1284; x_wconf 86' lang='lat' dir='ltr'>excisis</span> <span class='ocrx_word' id='word_1_56' title='bbox 873 1252 984 1284; x_wconf 91' lang='lat' dir='ltr'>cum</span> <span class='ocrx_word' id='word_1_57' title='bbox 1017 1244 1071 1284; x_wconf 87' lang='lat' dir='ltr'>tu</span> <span class='ocrx_word' id='word_1_58' title='bbox 1105 1237 1284 1284; x_wconf 87' lang='lat' dir='ltr'>solatia</span> <span class='ocrx_word' id='word_1_59' title='bbox 1314 1227 1514 1300; x_wconf 81' lang='lat' dir='ltr'>templis</span> <span class='ocrx_word' id='word_1_60' title='bbox 2538 1233 2642 1279; x_wconf 90' lang='grc'>200</span> 
     </span>
    </p>
   </div>
   <div class='ocr_carea' id='block_1_3' title="bbox 2686 0 2892 1408">
    <p class='ocr_par' dir='ltr' id='par_1_10' title="bbox 2686 0 2892 1408">
     <span class='ocr_line' id='line_1_11' title="bbox 2686 0 2892 1408; baseline 0 0"><span class='ocrx_word' id='word_1_61' title='bbox 2686 0 2892 1408; x_wconf 95' lang='lat' dir='ltr'> </span> 
     </span>
    </p>
   </div>
   <div class='ocr_carea' id='block_1_4' title="bbox 389 1326 2892 2983">
    <p class='ocr_par' dir='ltr' id='par_1_11' title="bbox 389 1326 1639 1390">
     <span class='ocr_line' id='line_1_12' title="bbox 389 1326 1639 1390; baseline -0.002 -16"><span class='ocrx_word' id='word_1_62' title='bbox 389 1327 628 1390; x_wconf 83' lang='lat' dir='ltr'>Impiger,</span> <span class='ocrx_word' id='word_1_63' title='bbox 668 1332 719 1372; x_wconf 89' lang='lat' dir='ltr'>et</span> <span class='ocrx_word' id='word_1_64' title='bbox 757 1326 973 1373; x_wconf 90' lang='lat' dir='ltr'>multum</span> <span class='ocrx_word' id='word_1_65' title='bbox 1006 1326 1197 1373; x_wconf 86' lang='lat' dir='ltr'>facibus</span> <span class='ocrx_word' id='word_1_66' title='bbox 1233 1326 1453 1375; x_wconf 89' lang='lat' dir='ltr'>velocior</span> <span class='ocrx_word' id='word_1_67' title='bbox 1496 1327 1639 1390; x_wconf 90' lang='lat' dir='ltr'>ipsis,</span> 
     </span>
    </p>

    <p class='ocr_par' dir='ltr' id='par_1_12' title="bbox 393 1414 1716 1478">
     <span class='ocr_line' id='line_1_13' title="bbox 393 1414 1716 1478; baseline -0.003 -15"><span class='ocrx_word' id='word_1_68' title='bbox 393 1414 623 1478; x_wconf 90' lang='lat' dir='ltr'>Concipis</span> <span class='ocrx_word' id='word_1_69' title='bbox 669 1429 753 1461; x_wconf 88' lang='lat' dir='ltr'>ore</span> <span class='ocrx_word' id='word_1_70' title='bbox 800 1416 911 1478; x_wconf 89' lang='lat' dir='ltr'>pio,</span> <span class='ocrx_word' id='word_1_71' title='bbox 952 1416 1248 1478; x_wconf 84' lang='lat' dir='ltr'>captivaque</span> <span class='ocrx_word' id='word_1_72' title='bbox 1294 1416 1506 1462; x_wconf 89' lang='lat' dir='ltr'>fulmina</span> <span class='ocrx_word' id='word_1_73' title='bbox 1549 1415 1716 1461; x_wconf 81' lang='lat' dir='ltr'>defles.</span> 
     </span>
    </p>

    <p class='ocr_par' dir='ltr' id='par_1_13' title="bbox 391 1502 1607 1568">
     <span class='ocr_line' id='line_1_14' title="bbox 391 1502 1607 1568; baseline -0.002 -17"><span class='ocrx_word' id='word_1_74' title='bbox 391 1504 637 1551; x_wconf 86' lang='lat' dir='ltr'>Mirantur</span> <span class='ocrx_word' id='word_1_75' title='bbox 671 1502 806 1550; x_wconf 88' lang='lat' dir='ltr'>Latii</span> <span class='ocrx_word' id='word_1_76' title='bbox 835 1518 1093 1568; x_wconf 86' lang='lat' dir='ltr'>proceres,</span> <span class='ocrx_word' id='word_1_77' title='bbox 1124 1504 1352 1566; x_wconf 86' lang='lat' dir='ltr'>ultorque</span> <span class='ocrx_word' id='word_1_78' title='bbox 1381 1504 1607 1549; x_wconf 89' lang='lat' dir='ltr'>Deorum</span> 
     </span>
    </p>

    <p class='ocr_par' dir='ltr' id='par_1_14' title="bbox 395 1590 1713 1654">
     <span class='ocr_line' id='line_1_15' title="bbox 395 1590 1713 1654; baseline -0.003 -14"><span class='ocrx_word' id='word_1_79' title='bbox 395 1590 603 1648; x_wconf 84' lang='lat' dir='ltr'>Caesar,</span> <span class='ocrx_word' id='word_1_80' title='bbox 639 1598 691 1638; x_wconf 87' lang='lat' dir='ltr'>et</span> <span class='ocrx_word' id='word_1_81' title='bbox 725 1607 752 1637; x_wconf 90' lang='lat' dir='ltr'>e</span> <span class='ocrx_word' id='word_1_82' title='bbox 784 1592 953 1638; x_wconf 89' lang='lat' dir='ltr'>medio</span> <span class='ocrx_word' id='word_1_83' title='bbox 983 1592 1172 1640; x_wconf 69' lang='lat' dir='ltr'>Divum</span> <span class='ocrx_word' id='word_1_84' title='bbox 1206 1599 1351 1654; x_wconf 84' lang='lat' dir='ltr'>pater</span> <span class='ocrx_word' id='word_1_85' title='bbox 1386 1592 1562 1638; x_wconf 89' lang='lat' dir='ltr'>annuit</span> <span class='ocrx_word' id='word_1_86' title='bbox 1595 1592 1713 1651; x_wconf 83' lang='lat' dir='ltr'>igni.</span> 
     </span>
    </p>

    <p class='ocr_par' dir='ltr' id='par_1_15' title="bbox 390 1677 2638 1832">
     <span class='ocr_line' id='line_1_16' title="bbox 390 1677 2638 1744; baseline -0.003 -16"><span class='ocrx_word' id='word_1_87' title='bbox 390 1679 604 1744; x_wconf 84' lang='lat' dir='ltr'>Jamque</span> <span class='ocrx_word' id='word_1_88' title='bbox 641 1687 693 1727; x_wconf 89' lang='lat' dir='ltr'>et</span> <span class='ocrx_word' id='word_1_89' title='bbox 720 1680 839 1727; x_wconf 87' lang='lat' dir='ltr'>flere</span> <span class='ocrx_word' id='word_1_90' title='bbox 873 1681 957 1743; x_wconf 91' lang='lat' dir='ltr'>pio</span> <span class='ocrx_word' id='word_1_91' title='bbox 988 1679 1244 1729; x_wconf 89' lang='lat' dir='ltr'>Vesuvina</span> <span class='ocrx_word' id='word_1_92' title='bbox 1277 1680 1511 1727; x_wconf 89' lang='lat' dir='ltr'>incendia</span> <span class='ocrx_word' id='word_1_93' title='bbox 1546 1685 1694 1725; x_wconf 89' lang='lat' dir='ltr'>cantu</span> <span class='ocrx_word' id='word_1_94' title='bbox 2539 1677 2638 1723; x_wconf 87' lang='lat'>205</span> 
     </span>
     <span class='ocr_line' id='line_1_17' title="bbox 394 1765 1878 1832; baseline -0.002 -16"><span class='ocrx_word' id='word_1_95' title='bbox 394 1769 538 1816; x_wconf 84' lang='lat' dir='ltr'>Mens</span> <span class='ocrx_word' id='word_1_96' title='bbox 574 1775 705 1825; x_wconf 87' lang='lat' dir='ltr'>erat,</span> <span class='ocrx_word' id='word_1_97' title='bbox 743 1776 794 1814; x_wconf 87' lang='lat' dir='ltr'>et</span> <span class='ocrx_word' id='word_1_98' title='bbox 825 1769 1066 1828; x_wconf 86' lang='lat' dir='ltr'>gemitum</span> <span class='ocrx_word' id='word_1_99' title='bbox 1100 1770 1278 1832; x_wconf 87' lang='lat' dir='ltr'>patriis</span> <span class='ocrx_word' id='word_1_100' title='bbox 1322 1767 1615 1831; x_wconf 82' lang='lat' dir='ltr'>impendere</span> <span class='ocrx_word' id='word_1_101' title='bbox 1658 1765 1878 1824; x_wconf 80' lang='lat' dir='ltr'>damnis3</span> 
     </span>
    </p>

    <p class='ocr_par' dir='ltr' id='par_1_16' title="bbox 396 1855 1789 1919">
     <span class='ocr_line' id='line_1_18' title="bbox 396 1855 1789 1919; baseline -0.003 -15"><span class='ocrx_word' id='word_1_102' title='bbox 396 1855 524 1904; x_wconf 90' lang='lat' dir='ltr'>Cum</span> <span class='ocrx_word' id='word_1_103' title='bbox 558 1863 703 1919; x_wconf 90' lang='lat' dir='ltr'>pater</span> <span class='ocrx_word' id='word_1_104' title='bbox 735 1863 1031 1918; x_wconf 82' lang='lat' dir='ltr'>exemptum</span> <span class='ocrx_word' id='word_1_105' title='bbox 1065 1858 1210 1902; x_wconf 84' lang='lat' dir='ltr'>terris</span> <span class='ocrx_word' id='word_1_106' title='bbox 1248 1856 1314 1902; x_wconf 92' lang='lat' dir='ltr'>ad</span> <span class='ocrx_word' id='word_1_107' title='bbox 1347 1855 1514 1902; x_wconf 89' lang='lat' dir='ltr'>sidera</span> <span class='ocrx_word' id='word_1_108' title='bbox 1548 1861 1789 1909; x_wconf 21' lang='lat' dir='ltr'>montem*</span> 
     </span>
    </p>

    <p class='ocr_par' dir='ltr' id='par_1_17' title="bbox 395 1944 1603 2006">
     <span class='ocr_line' id='line_1_19' title="bbox 395 1944 1603 2006; baseline -0.001 -14"><span class='ocrx_word' id='word_1_109' title='bbox 395 1945 631 2002; x_wconf 85' lang='lat' dir='ltr'>Sustulit,</span> <span class='ocrx_word' id='word_1_110' title='bbox 667 1951 719 1990; x_wconf 90' lang='lat' dir='ltr'>et</span> <span class='ocrx_word' id='word_1_111' title='bbox 752 1944 851 1990; x_wconf 87' lang='lat' dir='ltr'>late</span> <span class='ocrx_word' id='word_1_112' title='bbox 888 1944 1098 1991; x_wconf 88' lang='lat' dir='ltr'>miseras</span> <span class='ocrx_word' id='word_1_113' title='bbox 1136 1944 1317 2006; x_wconf 89' lang='lat' dir='ltr'>dejecit</span> <span class='ocrx_word' id='word_1_114' title='bbox 1346 1945 1401 1990; x_wconf 91' lang='lat' dir='ltr'>in</span> <span class='ocrx_word' id='word_1_115' title='bbox 1439 1945 1603 1992; x_wconf 89' lang='lat' dir='ltr'>urbes.</span> 
     </span>
    </p>

    <p class='ocr_par' dir='ltr' id='par_1_18' title="bbox 393 2032 1678 2097">
     <span class='ocr_line' id='line_1_20' title="bbox 393 2032 1678 2097; baseline -0.002 -15"><span class='ocrx_word' id='word_1_116' title='bbox 393 2033 475 2082; x_wconf 90' lang='lat' dir='ltr'>Me</span> <span class='ocrx_word' id='word_1_117' title='bbox 512 2047 705 2097; x_wconf 89' lang='lat' dir='ltr'>quoque</span> <span class='ocrx_word' id='word_1_118' title='bbox 741 2032 941 2082; x_wconf 87' lang='lat' dir='ltr'>vocales</span> <span class='ocrx_word' id='word_1_119' title='bbox 972 2033 1108 2079; x_wconf 90' lang='lat' dir='ltr'>lucos</span> <span class='ocrx_word' id='word_1_120' title='bbox 1143 2032 1450 2097; x_wconf 87' lang='lat' dir='ltr'>lustrataque</span> <span class='ocrx_word' id='word_1_121' title='bbox 1488 2033 1678 2096; x_wconf 91' lang='lat' dir='ltr'>Tempe</span> 
     </span>
    </p>

    <p class='ocr_par' dir='ltr' id='par_1_19' title="bbox 393 2122 2646 2259">
     <span class='ocr_line' id='line_1_21' title="bbox 393 2122 2646 2184; baseline -0.001 -13"><span class='ocrx_word' id='word_1_122' title='bbox 393 2122 710 2179; x_wconf 89' lang='lat' dir='ltr'>Pulsantem,</span> <span class='ocrx_word' id='word_1_123' title='bbox 761 2135 874 2168; x_wconf 91' lang='lat' dir='ltr'>cum</span> <span class='ocrx_word' id='word_1_124' title='bbox 918 2122 1072 2184; x_wconf 86' lang='lat' dir='ltr'>stirpe</span> <span class='ocrx_word' id='word_1_125' title='bbox 1108 2128 1195 2170; x_wconf 87' lang='lat' dir='ltr'>tua</span> <span class='ocrx_word' id='word_1_126' title='bbox 1239 2122 1542 2170; x_wconf 88' lang='lat' dir='ltr'>descendere</span> <span class='ocrx_word' id='word_1_127' title='bbox 1580 2122 1709 2178; x_wconf 78' lang='lat' dir='ltr'>dixi,</span> <span class='ocrx_word' id='word_1_128' title='bbox 2542 2124 2646 2169; x_wconf 86' lang='lat'>210</span> 
     </span>
     <span class='ocr_line' id='line_1_22' title="bbox 396 2210 1682 2259; baseline -0.002 0"><span class='ocrx_word' id='word_1_129' title='bbox 396 2210 661 2259; x_wconf 81' lang='lat' dir='ltr'>Admisere</span> <span class='ocrx_word' id='word_1_130' title='bbox 690 2211 858 2258; x_wconf 90' lang='lat' dir='ltr'>Deae:</span> <span class='ocrx_word' id='word_1_131' title='bbox 894 2224 987 2256; x_wconf 89' lang='lat' dir='ltr'>nec</span> <span class='ocrx_word' id='word_1_132' title='bbox 1019 2210 1153 2256; x_wconf 81' lang='lat' dir='ltr'>enim</span> <span class='ocrx_word' id='word_1_133' title='bbox 1188 2211 1314 2258; x_wconf 90' lang='lat' dir='ltr'>mihi</span> <span class='ocrx_word' id='word_1_134' title='bbox 1350 2211 1518 2258; x_wconf 87' lang='lat' dir='ltr'>sidera</span> <span class='ocrx_word' id='word_1_135' title='bbox 1551 2211 1682 2258; x_wconf 88' lang='lat' dir='ltr'>tanti</span> 
     </span>
    </p>

    <p class='ocr_par' dir='ltr' id='par_1_20' title="bbox 396 2280 1798 2364">
     <span class='ocr_line' id='line_1_23' title="bbox 396 2280 1798 2364; baseline -0.001 -17"><span class='ocrx_word' id='word_1_136' title='bbox 396 2299 724 2364; x_wconf 90' lang='lat' dir='ltr'>Aequoraque</span> <span class='ocrx_word' id='word_1_137' title='bbox 766 2306 817 2345; x_wconf 91' lang='lat' dir='ltr'>et</span> <span class='ocrx_word' id='word_1_138' title='bbox 852 2306 1033 2355; x_wconf 87' lang='lat' dir='ltr'>terras,</span> <span class='ocrx_word' id='word_1_139' title='bbox 1071 2314 1219 2361; x_wconf 88' lang='lat' dir='ltr'>quam</span> <span class='ocrx_word' id='word_1_140' title='bbox 1248 2315 1340 2349; x_wconf 87' lang='lat' dir='ltr'>vos</span> <span class='ocrx_word' id='word_1_141' title='bbox 1373 2280 1556 2346; x_wconf 87' lang='lat' dir='ltr'>debere</span> <span class='ocrx_word' id='word_1_142' title='bbox 1586 2299 1798 2363; x_wconf 89' lang='lat' dir='ltr'>parenti.</span> 
     </span>
    </p>

    <p class='ocr_par' dir='ltr' id='par_1_21' title="bbox 399 2387 1888 2453">
     <span class='ocr_line' id='line_1_24' title="bbox 399 2387 1888 2453; baseline -0.001 -17"><span class='ocrx_word' id='word_1_143' title='bbox 399 2388 476 2436; x_wconf 91' lang='lat' dir='ltr'>Tu</span> <span class='ocrx_word' id='word_1_144' title='bbox 506 2389 656 2436; x_wconf 87' lang='lat' dir='ltr'>decus</span> <span class='ocrx_word' id='word_1_145' title='bbox 686 2388 781 2435; x_wconf 92' lang='lat' dir='ltr'>hoc</span> <span class='ocrx_word' id='word_1_146' title='bbox 813 2387 1139 2452; x_wconf 90' lang='lat' dir='ltr'>quodcunque</span> <span class='ocrx_word' id='word_1_147' title='bbox 1174 2389 1341 2449; x_wconf 87' lang='lat' dir='ltr'>lyrae,</span> <span class='ocrx_word' id='word_1_148' title='bbox 1376 2390 1665 2453; x_wconf 89' lang='lat' dir='ltr'>primusque</span> <span class='ocrx_word' id='word_1_149' title='bbox 1701 2387 1888 2436; x_wconf 87' lang='lat' dir='ltr'>dedisti</span> 
     </span>
    </p>

    <p class='ocr_par' dir='ltr' id='par_1_22' title="bbox 398 2474 1787 2542">
     <span class='ocr_line' id='line_1_25' title="bbox 398 2474 1787 2542; baseline -0.001 -17"><span class='ocrx_word' id='word_1_150' title='bbox 398 2474 512 2525; x_wconf 92' lang='lat' dir='ltr'>Non</span> <span class='ocrx_word' id='word_1_151' title='bbox 544 2476 750 2537; x_wconf 85' lang='lat' dir='ltr'>vulgare</span> <span class='ocrx_word' id='word_1_152' title='bbox 780 2477 943 2541; x_wconf 91' lang='lat' dir='ltr'>loqui,</span> <span class='ocrx_word' id='word_1_153' title='bbox 980 2484 1032 2523; x_wconf 90' lang='lat' dir='ltr'>et</span> <span class='ocrx_word' id='word_1_154' title='bbox 1066 2478 1254 2525; x_wconf 87' lang='lat' dir='ltr'>famam</span> <span class='ocrx_word' id='word_1_155' title='bbox 1283 2494 1484 2541; x_wconf 87' lang='lat' dir='ltr'>sperare</span> <span class='ocrx_word' id='word_1_156' title='bbox 1514 2478 1787 2542; x_wconf 89' lang='lat' dir='ltr'>sepulchro.</span> 
     </span>
    </p>

    <p class='ocr_par' dir='ltr' id='par_1_23' title="bbox 398 2564 2892 2895">
     <span class='ocr_line' id='line_1_26' title="bbox 401 2564 2642 2630; baseline 0.001 -18"><span class='ocrx_word' id='word_1_157' title='bbox 401 2564 571 2624; x_wconf 79' lang='lat' dir='ltr'>Qualis</span> <span class='ocrx_word' id='word_1_158' title='bbox 610 2581 745 2624; x_wconf 89' lang='lat' dir='ltr'>eras,</span> <span class='ocrx_word' id='word_1_159' title='bbox 783 2565 956 2615; x_wconf 89' lang='lat' dir='ltr'>Latios</span> <span class='ocrx_word' id='word_1_160' title='bbox 991 2568 1186 2630; x_wconf 86' lang='lat' dir='ltr'>quoties</span> <span class='ocrx_word' id='word_1_161' title='bbox 1222 2581 1312 2629; x_wconf 85' lang='lat' dir='ltr'>ego</span> <span class='ocrx_word' id='word_1_162' title='bbox 1346 2568 1564 2614; x_wconf 89' lang='lat' dir='ltr'>carmine</span> <span class='ocrx_word' id='word_1_163' title='bbox 1595 2573 1763 2630; x_wconf 87' lang='lat' dir='ltr'>patres</span> <span class='ocrx_word' id='word_1_164' title='bbox 2542 2569 2642 2614; x_wconf 85' lang='lat'>215</span> 
     </span>
     <span class='ocr_line' id='line_1_27' title="bbox 398 2651 2892 2718; baseline 0 -17"><span class='ocrx_word' id='word_1_165' title='bbox 398 2654 695 2712; x_wconf 88' lang='lat' dir='ltr'>Mulcerem,</span> <span class='ocrx_word' id='word_1_166' title='bbox 731 2655 955 2717; x_wconf 81' lang='lat' dir='ltr'>felixque</span> <span class='ocrx_word' id='word_1_167' title='bbox 991 2657 1066 2701; x_wconf 85' lang='lat' dir='ltr'>tui</span> <span class='ocrx_word' id='word_1_168' title='bbox 1100 2663 1350 2718; x_wconf 88' lang='lat' dir='ltr'>spectator</span> <span class='ocrx_word' id='word_1_169' title='bbox 1382 2655 1585 2702; x_wconf 86' lang='lat' dir='ltr'>adesses</span> <span class='ocrx_word' id='word_1_170' title='bbox 2879 2651 2892 2717; x_wconf 61' lang='lat' dir='ltr'><strong>j</strong></span> 
     </span>
     <span class='ocr_line' id='line_1_28' title="bbox 401 2742 2879 2805; baseline -0.001 -15"><span class='ocrx_word' id='word_1_171' title='bbox 401 2743 647 2790; x_wconf 89' lang='lat' dir='ltr'>Muneris!</span> <span class='ocrx_word' id='word_1_172' title='bbox 683 2742 782 2789; x_wconf 88' lang='lat' dir='ltr'>heu</span> <span class='ocrx_word' id='word_1_173' title='bbox 818 2743 951 2805; x_wconf 88' lang='lat' dir='ltr'>quali</span> <span class='ocrx_word' id='word_1_174' title='bbox 987 2743 1222 2791; x_wconf 88' lang='lat' dir='ltr'>confusus</span> <span class='ocrx_word' id='word_1_175' title='bbox 1253 2743 1436 2804; x_wconf 89' lang='lat' dir='ltr'>gaudia</span> <span class='ocrx_word' id='word_1_176' title='bbox 1470 2743 1605 2800; x_wconf 89' lang='lat' dir='ltr'>fletu,</span> <span class='ocrx_word' id='word_1_177' title='bbox 2876 2742 2879 2743; x_wconf 45' lang='lat'><em>⁷</em></span> 
     </span>
     <span class='ocr_line' id='line_1_29' title="bbox 401 2829 1793 2895; baseline -0.001 -17"><span class='ocrx_word' id='word_1_178' title='bbox 401 2831 531 2878; x_wconf 89' lang='lat' dir='ltr'>Vota</span> <span class='ocrx_word' id='word_1_179' title='bbox 563 2832 771 2895; x_wconf 91' lang='lat' dir='ltr'>piosque</span> <span class='ocrx_word' id='word_1_180' title='bbox 806 2838 970 2879; x_wconf 88' lang='lat' dir='ltr'>metus</span> <span class='ocrx_word' id='word_1_181' title='bbox 1005 2833 1160 2888; x_wconf 89' lang='lat' dir='ltr'>inter,</span> <span class='ocrx_word' id='word_1_182' title='bbox 1195 2831 1480 2895; x_wconf 91' lang='lat' dir='ltr'>laetumque</span> <span class='ocrx_word' id='word_1_183' title='bbox 1524 2829 1793 2894; x_wconf 88' lang='lat' dir='ltr'>pudorem!</span> 
     </span>
    </p>

    <p class='ocr_par' dir='ltr' id='par_1_24' title="bbox 404 2919 1895 2983">
     <span class='ocr_line' id='line_1_30' title="bbox 404 2919 1895 2983; baseline -0.001 -15"><span class='ocrx_word' id='word_1_184' title='bbox 404 2919 565 2979; x_wconf 79' lang='lat' dir='ltr'>Quam</span> <span class='ocrx_word' id='word_1_185' title='bbox 598 2928 713 2969; x_wconf 87' lang='lat' dir='ltr'>tuus</span> <span class='ocrx_word' id='word_1_186' title='bbox 749 2921 834 2969; x_wconf 91' lang='lat' dir='ltr'>ille</span> <span class='ocrx_word' id='word_1_187' title='bbox 871 2921 1001 2969; x_wconf 90' lang='lat' dir='ltr'>dies!</span> <span class='ocrx_word' id='word_1_188' title='bbox 1040 2934 1190 2983; x_wconf 87' lang='lat' dir='ltr'>quam</span> <span class='ocrx_word' id='word_1_189' title='bbox 1223 2934 1326 2967; x_wconf 89' lang='lat' dir='ltr'>non</span> <span class='ocrx_word' id='word_1_190' title='bbox 1362 2920 1488 2968; x_wconf 90' lang='lat' dir='ltr'>mihi</span> <span class='ocrx_word' id='word_1_191' title='bbox 1523 2919 1679 2981; x_wconf 81' lang='lat' dir='ltr'>gloria</span> <span class='ocrx_word' id='word_1_192' title='bbox 1712 2921 1895 2983; x_wconf 91' lang='lat' dir='ltr'>major!</span> 
     </span>
    </p>
   </div>
   <div class='ocr_carea' id='block_1_5' title="bbox 407 3159 2639 3260">
    <p class='ocr_par' dir='ltr' id='par_1_25' title="bbox 407 3159 2639 3260">
     <span class='ocr_line' id='line_1_31' title="bbox 521 3159 2639 3202; baseline 0.004 -14"><span class='ocrx_word' id='word_1_193' title='bbox 521 3159 560 3188; x_wconf 85' lang='lat' dir='ltr'>V.</span> <span class='ocrx_word' id='word_1_194' title='bbox 598 3161 673 3191; x_wconf 80' lang='lat'>198.</span> <span class='ocrx_word' id='word_1_195' title='bbox 707 3160 805 3200; x_wconf 80' lang='lat' dir='ltr'>vulg.</span> <span class='ocrx_word' id='word_1_196' title='bbox 835 3166 1005 3194; x_wconf 65' lang='lat' dir='ltr'>senseat.</span> <span class='ocrx_word' id='word_1_197' title='bbox 1068 3160 1149 3191; x_wconf 95' lang='lat'>200.</span> <span class='ocrx_word' id='word_1_198' title='bbox 1186 3161 1370 3192; x_wconf 75' lang='lat' dir='ltr'>SEDERAT.</span> <span class='ocrx_word' id='word_1_199' title='bbox 1437 3162 1516 3192; x_wconf 90' lang='lat'>202.</span> <span class='ocrx_word' id='word_1_200' title='bbox 1550 3167 1723 3193; x_wconf 74' lang='lat' dir='ltr'>comms.</span> <span class='ocrx_word' id='word_1_201' title='bbox 1760 3161 1840 3194; x_wconf 80' lang='lat' dir='ltr'>ibid.</span> <span class='ocrx_word' id='word_1_202' title='bbox 1871 3169 2017 3194; x_wconf 63' lang='lat' dir='ltr'>numm.</span> <span class='ocrx_word' id='word_1_203' title='bbox 2073 3163 2151 3193; x_wconf 84' lang='lat'>209.</span> <span class='ocrx_word' id='word_1_204' title='bbox 2185 3162 2308 3202; x_wconf 81' lang='lat' dir='ltr'>Forte,</span> <span class='ocrx_word' id='word_1_205' title='bbox 2350 3169 2639 3202; x_wconf 71' lang='lat' dir='ltr'><strong>MONSTRATAQUE</strong></span> 
     </span>
     <span class='ocr_line' id='line_1_32' title="bbox 407 3212 2548 3260; baseline 0.004 -17"><span class='ocrx_word' id='word_1_206' title='bbox 407 3212 544 3252; x_wconf 82' lang='lat' dir='ltr'>Tempe.</span> <span class='ocrx_word' id='word_1_207' title='bbox 587 3217 665 3249; x_wconf 89' lang='lat'>211.</span> <span class='ocrx_word' id='word_1_208' title='bbox 690 3224 849 3250; x_wconf 59' lang='lat' dir='ltr'>murum.</span> <span class='ocrx_word' id='word_1_209' title='bbox 892 3220 973 3250; x_wconf 87' lang='lat'>212.</span> <span class='ocrx_word' id='word_1_210' title='bbox 998 3224 1169 3254; x_wconf 76' lang='lat' dir='ltr'><strong>QUANTUM</strong></span> <span class='ocrx_word' id='word_1_211' title='bbox 1194 3225 1421 3250; x_wconf 66' lang='lat' dir='ltr'>os&#39;rnxnmss.</span> <span class='ocrx_word' id='word_1_212' title='bbox 1467 3219 1547 3254; x_wconf 82' lang='lat'>213.</span> <span class='ocrx_word' id='word_1_213' title='bbox 1578 3227 1629 3251; x_wconf 78' lang='lat' dir='ltr'>sic</span> <span class='ocrx_word' id='word_1_214' title='bbox 1653 3219 1766 3251; x_wconf 79' lang='lat' dir='ltr'>decus.</span> <span class='ocrx_word' id='word_1_215' title='bbox 1815 3221 1896 3252; x_wconf 84' lang='grc'><strong>219.</strong></span> <span class='ocrx_word' id='word_1_216' title='bbox 1923 3221 2055 3257; x_wconf 68' lang='grc' dir='ltr'>ρυᾼιιε</span> <span class='ocrx_word' id='word_1_217' title='bbox 2078 3226 2126 3251; x_wconf 76' lang='lat'>121·</span> <span class='ocrx_word' id='word_1_218' title='bbox 2149 3225 2229 3249; x_wconf 71' lang='grc' dir='ltr'>ιιιΑ</span> <span class='ocrx_word' id='word_1_219' title='bbox 2254 3218 2345 3260; x_wconf 77' lang='lat' dir='ltr'>dies,</span> <span class='ocrx_word' id='word_1_220' title='bbox 2374 3228 2443 3256; x_wconf 72' lang='lat' dir='ltr'>qm</span> <span class='ocrx_word' id='word_1_221' title='bbox 2470 3230 2548 3252; x_wconf 74' lang='lat' dir='ltr'>nou.</span> 
     </span>
    </p>
   </div>
  </div>
 </body>
</html>
