<?xml version="1.0" encoding="UTF-8"?>
<!DOCTYPE html PUBLIC "-//W3C//DTD XHTML 1.0 Transitional//EN"
    "http://www.w3.org/TR/xhtml1/DTD/xhtml1-transitional.dtd">
<html xmlns="http://www.w3.org/1999/xhtml" xml:lang="en" lang="en">
 <head>
  <title>
</title>
<meta http-equiv="Content-Type" content="text/html;charset=utf-8" />
  <meta name='ocr-system' content='tesseract 3.04.00' />
  <meta name='ocr-capabilities' content='ocr_page ocr_carea ocr_par ocr_line ocrx_word'/>
</head>
<body>
  <div class='ocr_page' id='page_1' title='image "./ppapiniistatiili00statuoft_0122.png"; bbox 0 0 2892 3840; ppageno 0'>
   <div class='ocr_carea' id='block_1_1' title="bbox 397 390 1994 462">
    <p class='ocr_par' dir='ltr' id='par_1_1' title="bbox 397 390 1994 462">
     <span class='ocr_line' id='line_1_1' title="bbox 397 390 1994 462; baseline 0.004 -27"><span class='ocrx_word' id='word_1_1' title='bbox 397 395 466 451; x_wconf 76' lang='grc'><strong>86</strong></span> <span class='ocrx_word' id='word_1_2' title='bbox 1099 390 1154 453; x_wconf 77' lang='grc' dir='ltr'><strong>[Ρ.</strong></span> <span class='ocrx_word' id='word_1_3' title='bbox 1224 399 1601 439; x_wconf 77' lang='lat' dir='ltr'>PAP1N11</span> <span class='ocrx_word' id='word_1_4' title='bbox 1680 400 1994 462; x_wconf 62' lang='grc' dir='ltr'><strong>ετᾼτιι</strong></span> 
     </span>
    </p>
   </div>
   <div class='ocr_carea' id='block_1_2' title="bbox 363 509 1866 3109">
    <p class='ocr_par' dir='ltr' id='par_1_2' title="bbox 393 509 1866 856">
     <span class='ocr_line' id='line_1_2' title="bbox 395 509 1626 582; baseline -0.006 -11"><span class='ocrx_word' id='word_1_5' title='bbox 395 522 496 582; x_wconf 88' lang='lat' dir='ltr'><strong>Ite,</strong></span> <span class='ocrx_word' id='word_1_6' title='bbox 528 522 670 572; x_wconf 85' lang='lat' dir='ltr'><strong>dabit</strong></span> <span class='ocrx_word' id='word_1_7' title='bbox 699 535 870 570; x_wconf 83' lang='lat' dir='ltr'><strong>cursus</strong></span> <span class='ocrx_word' id='word_1_8' title='bbox 904 518 1042 567; x_wconf 89' lang='lat' dir='ltr'><strong>mitis</strong></span> <span class='ocrx_word' id='word_1_9' title='bbox 1078 509 1330 573; x_wconf 82' lang='lat' dir='ltr'><strong>Cytherea</strong></span> <span class='ocrx_word' id='word_1_10' title='bbox 1363 511 1626 574; x_wconf 86' lang='lat' dir='ltr'><strong>secundos,</strong></span> 
     </span>
     <span class='ocr_line' id='line_1_3' title="bbox 394 606 1704 676; baseline -0.002 -16"><span class='ocrx_word' id='word_1_11' title='bbox 394 611 711 676; x_wconf 85' lang='lat' dir='ltr'><strong>Placabitque</strong></span> <span class='ocrx_word' id='word_1_12' title='bbox 744 609 926 659; x_wconf 89' lang='lat' dir='ltr'><strong>Notos:</strong></span> <span class='ocrx_word' id='word_1_13' title='bbox 963 609 1067 656; x_wconf 87' lang='lat' dir='ltr'><strong>fors</strong></span> <span class='ocrx_word' id='word_1_14' title='bbox 1101 616 1153 656; x_wconf 88' lang='lat' dir='ltr'><strong>et</strong></span> <span class='ocrx_word' id='word_1_15' title='bbox 1186 610 1250 658; x_wconf 86' lang='lat' dir='ltr'><strong>de</strong></span> <span class='ocrx_word' id='word_1_16' title='bbox 1277 621 1445 673; x_wconf 85' lang='lat' dir='ltr'><strong>puppe</strong></span> <span class='ocrx_word' id='word_1_17' title='bbox 1478 606 1704 657; x_wconf 87' lang='lat' dir='ltr'><strong>timenda</strong></span> 
     </span>
     <span class='ocr_line' id='line_1_4' title="bbox 396 699 1866 764; baseline -0.002 -12"><span class='ocrx_word' id='word_1_18' title='bbox 396 703 711 759; x_wconf 87' lang='lat' dir='ltr'><strong>Transferet‚</strong></span> <span class='ocrx_word' id='word_1_19' title='bbox 744 702 893 764; x_wconf 90' lang='lat' dir='ltr'><strong>inque</strong></span> <span class='ocrx_word' id='word_1_20' title='bbox 925 714 1018 747; x_wconf 88' lang='lat' dir='ltr'><strong>sua</strong></span> <span class='ocrx_word' id='word_1_21' title='bbox 1049 699 1200 750; x_wconf 89' lang='lat' dir='ltr'><strong>ducet</strong></span> <span class='ocrx_word' id='word_1_22' title='bbox 1231 714 1382 763; x_wconf 88' lang='lat' dir='ltr'><strong>super</strong></span> <span class='ocrx_word' id='word_1_23' title='bbox 1416 712 1636 763; x_wconf 83' lang='lat' dir='ltr'><strong>aequora</strong></span> <span class='ocrx_word' id='word_1_24' title='bbox 1667 699 1866 750; x_wconf 87' lang='lat' dir='ltr'><strong>concha.</strong></span> 
     </span>
     <span class='ocr_line' id='line_1_5' title="bbox 393 789 1593 856; baseline -0.003 -16"><span class='ocrx_word' id='word_1_25' title='bbox 393 792 576 856; x_wconf 87' lang='lat' dir='ltr'><strong>Accipe</strong></span> <span class='ocrx_word' id='word_1_26' title='bbox 609 789 865 847; x_wconf 87' lang='lat' dir='ltr'><strong>laudatos,</strong></span> <span class='ocrx_word' id='word_1_27' title='bbox 890 790 1095 851; x_wconf 82' lang='lat' dir='ltr'><strong>J&#39;uvenis</strong></span> <span class='ocrx_word' id='word_1_28' title='bbox 1121 789 1395 846; x_wconf 72' lang='lat' dir='ltr'><strong>Phoebeie,</strong></span> <span class='ocrx_word' id='word_1_29' title='bbox 1432 790 1593 838; x_wconf 88' lang='lat' dir='ltr'><strong>crines</strong></span> 
     </span>
    </p>

    <p class='ocr_par' dir='ltr' id='par_1_3' title="bbox 384 876 1843 1393">
     <span class='ocr_line' id='line_1_6' title="bbox 394 876 1744 946; baseline -0.001 -18"><span class='ocrx_word' id='word_1_30' title='bbox 394 878 528 940; x_wconf 78' lang='lat' dir='ltr'><strong>Quos</strong></span> <span class='ocrx_word' id='word_1_31' title='bbox 569 880 660 927; x_wconf 91' lang='lat' dir='ltr'><strong>tibi</strong></span> <span class='ocrx_word' id='word_1_32' title='bbox 691 877 965 927; x_wconf 88' lang='lat' dir='ltr'><strong>Caesareus</strong></span> <span class='ocrx_word' id='word_1_33' title='bbox 998 880 1155 929; x_wconf 90' lang='lat' dir='ltr'><strong>donat</strong></span> <span class='ocrx_word' id='word_1_34' title='bbox 1180 894 1328 946; x_wconf 80' lang='lat' dir='ltr'><strong>puer:</strong></span> <span class='ocrx_word' id='word_1_35' title='bbox 1365 877 1534 941; x_wconf 84' lang='lat' dir='ltr'><strong>accipe</strong></span> <span class='ocrx_word' id='word_1_36' title='bbox 1563 876 1744 937; x_wconf 87' lang='lat' dir='ltr'><strong>laetus,</strong></span> 
     </span>
     <span class='ocr_line' id='line_1_7' title="bbox 390 966 1720 1033; baseline -0.001 -15"><span class='ocrx_word' id='word_1_37' title='bbox 390 970 690 1032; x_wconf 88' lang='lat' dir='ltr'><strong>Intonsoque</strong></span> <span class='ocrx_word' id='word_1_38' title='bbox 717 967 926 1015; x_wconf 87' lang='lat' dir='ltr'><strong>ostende</strong></span> <span class='ocrx_word' id='word_1_39' title='bbox 962 970 1108 1033; x_wconf 86' lang='lat' dir='ltr'><strong>patri.</strong></span> <span class='ocrx_word' id='word_1_40' title='bbox 1178 971 1286 1017; x_wconf 89' lang='lat' dir='ltr'><strong>sine</strong></span> <span class='ocrx_word' id='word_1_41' title='bbox 1323 966 1465 1015; x_wconf 87' lang='lat' dir='ltr'><strong>dulce</strong></span> <span class='ocrx_word' id='word_1_42' title='bbox 1499 968 1720 1018; x_wconf 82' lang='lat' dir='ltr'><strong>nitentes</strong></span> 
     </span>
     <span class='ocr_line' id='line_1_8' title="bbox 392 1058 1716 1126; baseline -0.001 -18"><span class='ocrx_word' id='word_1_43' title='bbox 392 1060 684 1124; x_wconf 88' lang='lat' dir='ltr'><strong>Comparet,</strong></span> <span class='ocrx_word' id='word_1_44' title='bbox 716 1066 865 1123; x_wconf 91' lang='lat' dir='ltr'><strong>atque</strong></span> <span class='ocrx_word' id='word_1_45' title='bbox 901 1059 989 1108; x_wconf 89' lang='lat' dir='ltr'><strong>diu</strong></span> <span class='ocrx_word' id='word_1_46' title='bbox 1019 1060 1188 1108; x_wconf 89' lang='lat' dir='ltr'><strong>fratris</strong></span> <span class='ocrx_word' id='word_1_47' title='bbox 1220 1066 1365 1126; x_wconf 90' lang='lat' dir='ltr'><strong>putet</strong></span> <span class='ocrx_word' id='word_1_48' title='bbox 1396 1073 1507 1106; x_wconf 90' lang='lat' dir='ltr'><strong>esse</strong></span> <span class='ocrx_word' id='word_1_49' title='bbox 1541 1058 1716 1121; x_wconf 84' lang='lat' dir='ltr'><strong>Lyaei.</strong></span> 
     </span>
     <span class='ocr_line' id='line_1_9' title="bbox 388 1148 1843 1216; baseline 0.002 -19"><span class='ocrx_word' id='word_1_50' title='bbox 388 1149 583 1197; x_wconf 84' lang='lat' dir='ltr'><strong>Forsan</strong></span> <span class='ocrx_word' id='word_1_51' title='bbox 614 1156 666 1195; x_wconf 91' lang='lat' dir='ltr'><strong>et</strong></span> <span class='ocrx_word' id='word_1_52' title='bbox 698 1149 809 1212; x_wconf 90' lang='lat' dir='ltr'><strong>ipse</strong></span> <span class='ocrx_word' id='word_1_53' title='bbox 846 1164 1018 1198; x_wconf 91' lang='lat' dir='ltr'><strong>comae</strong></span> <span class='ocrx_word' id='word_1_54' title='bbox 1047 1165 1305 1216; x_wconf 84' lang='lat' dir='ltr'><strong>nunquam</strong></span> <span class='ocrx_word' id='word_1_55' title='bbox 1340 1148 1557 1200; x_wconf 85' lang='lat' dir='ltr'><strong>labentis</strong></span> <span class='ocrx_word' id='word_1_56' title='bbox 1598 1149 1843 1200; x_wconf 88' lang='lat' dir='ltr'><strong>honorem</strong></span> 
     </span>
     <span class='ocr_line' id='line_1_10' title="bbox 386 1240 1771 1305; baseline 0.002 -18"><span class='ocrx_word' id='word_1_57' title='bbox 386 1241 638 1298; x_wconf 88' lang='lat' dir='ltr'><strong>Proferet‚</strong></span> <span class='ocrx_word' id='word_1_58' title='bbox 670 1247 818 1304; x_wconf 89' lang='lat' dir='ltr'><strong>atque</strong></span> <span class='ocrx_word' id='word_1_59' title='bbox 853 1240 951 1288; x_wconf 87' lang='lat' dir='ltr'><strong>alio</strong></span> <span class='ocrx_word' id='word_1_60' title='bbox 985 1241 1208 1290; x_wconf 89' lang='lat' dir='ltr'><strong>clausum</strong></span> <span class='ocrx_word' id='word_1_61' title='bbox 1239 1242 1331 1289; x_wconf 85' lang='lat' dir='ltr'><strong>tibi</strong></span> <span class='ocrx_word' id='word_1_62' title='bbox 1358 1249 1514 1305; x_wconf 89' lang='lat' dir='ltr'><strong>ponet</strong></span> <span class='ocrx_word' id='word_1_63' title='bbox 1544 1241 1600 1288; x_wconf 92' lang='lat' dir='ltr'><strong>in</strong></span> <span class='ocrx_word' id='word_1_64' title='bbox 1634 1255 1771 1290; x_wconf 83' lang='lat' dir='ltr'><strong>aure.</strong></span> 
     </span>
     <span class='ocr_line' id='line_1_11' title="bbox 384 1330 1503 1393; baseline -0.001 -13"><span class='ocrx_word' id='word_1_65' title='bbox 384 1331 650 1393; x_wconf 89' lang='lat' dir='ltr'><strong>Pergame,</strong></span> <span class='ocrx_word' id='word_1_66' title='bbox 678 1330 895 1393; x_wconf 87' lang='lat' dir='ltr'><strong>pinifera</strong></span> <span class='ocrx_word' id='word_1_67' title='bbox 926 1331 1140 1380; x_wconf 91' lang='lat' dir='ltr'><strong>multum</strong></span> <span class='ocrx_word' id='word_1_68' title='bbox 1171 1332 1362 1380; x_wconf 86' lang='lat' dir='ltr'><strong>felicior</strong></span> <span class='ocrx_word' id='word_1_69' title='bbox 1391 1331 1503 1379; x_wconf 87' lang='lat' dir='ltr'><strong>Ida!</strong></span> 
     </span>
    </p>

    <p class='ocr_par' dir='ltr' id='par_1_4' title="bbox 374 1422 1858 2202">
     <span class='ocr_line' id='line_1_12' title="bbox 384 1422 1615 1488; baseline -0.001 -17"><span class='ocrx_word' id='word_1_70' title='bbox 384 1423 474 1471; x_wconf 87' lang='lat' dir='ltr'><strong>Illa</strong></span> <span class='ocrx_word' id='word_1_71' title='bbox 506 1422 623 1470; x_wconf 93' lang='lat' dir='ltr'><strong>licet</strong></span> <span class='ocrx_word' id='word_1_72' title='bbox 651 1435 819 1468; x_wconf 89' lang='lat' dir='ltr'><strong>sacrae</strong></span> <span class='ocrx_word' id='word_1_73' title='bbox 853 1422 1050 1485; x_wconf 88' lang='lat' dir='ltr'><strong>placeat</strong></span> <span class='ocrx_word' id='word_1_74' title='bbox 1077 1422 1173 1470; x_wconf 90' lang='lat' dir='ltr'><strong>sibi</strong></span> <span class='ocrx_word' id='word_1_75' title='bbox 1202 1423 1350 1471; x_wconf 85' lang='lat' dir='ltr'><strong>laude</strong></span> <span class='ocrx_word' id='word_1_76' title='bbox 1383 1423 1615 1488; x_wconf 77' lang='lat' dir='ltr'><strong>rapinae3</strong></span> 
     </span>
     <span class='ocr_line' id='line_1_13' title="bbox 386 1510 1858 1580; baseline 0.003 -21"><span class='ocrx_word' id='word_1_77' title='bbox 386 1511 600 1579; x_wconf 87' lang='lat' dir='ltr'><strong>(Nempe</strong></span> <span class='ocrx_word' id='word_1_78' title='bbox 636 1510 778 1558; x_wconf 86' lang='lat' dir='ltr'><strong>dedit</strong></span> <span class='ocrx_word' id='word_1_79' title='bbox 807 1510 1010 1575; x_wconf 87' lang='lat' dir='ltr'><strong>Superis</strong></span> <span class='ocrx_word' id='word_1_80' title='bbox 1040 1513 1207 1572; x_wconf 86' lang='lat' dir='ltr'><strong>illum,</strong></span> <span class='ocrx_word' id='word_1_81' title='bbox 1244 1528 1393 1577; x_wconf 89' lang='lat' dir='ltr'><strong>quem</strong></span> <span class='ocrx_word' id='word_1_82' title='bbox 1424 1512 1626 1561; x_wconf 88' lang='lat' dir='ltr'><strong>turbida</strong></span> <span class='ocrx_word' id='word_1_83' title='bbox 1661 1528 1858 1580; x_wconf 88' lang='lat' dir='ltr'><strong>semper</strong></span> 
     </span>
     <span class='ocr_line' id='line_1_14' title="bbox 384 1601 1842 1670; baseline -0.001 -18"><span class='ocrx_word' id='word_1_84' title='bbox 384 1602 515 1652; x_wconf 90' lang='lat' dir='ltr'><strong>Juno</strong></span> <span class='ocrx_word' id='word_1_85' title='bbox 541 1601 712 1659; x_wconf 86' lang='lat' dir='ltr'><strong>Videt,</strong></span> <span class='ocrx_word' id='word_1_86' title='bbox 743 1602 1023 1667; x_wconf 83' lang='lat' dir='ltr'><strong>refugitque</strong></span> <span class='ocrx_word' id='word_1_87' title='bbox 1057 1619 1292 1663; x_wconf 85' lang='lat' dir='ltr'><strong>manum,</strong></span> <span class='ocrx_word' id='word_1_88' title='bbox 1324 1611 1593 1668; x_wconf 87' lang='lat' dir='ltr'><strong>nectarque</strong></span> <span class='ocrx_word' id='word_1_89' title='bbox 1622 1606 1842 1670; x_wconf 84' lang='lat' dir='ltr'><strong>recusat)</strong></span> 
     </span>
     <span class='ocr_line' id='line_1_15' title="bbox 384 1691 1726 1759; baseline 0.003 -19"><span class='ocrx_word' id='word_1_90' title='bbox 384 1693 457 1741; x_wconf 92' lang='lat' dir='ltr'><strong>At</strong></span> <span class='ocrx_word' id='word_1_91' title='bbox 488 1699 544 1739; x_wconf 89' lang='lat' dir='ltr'><strong>tu</strong></span> <span class='ocrx_word' id='word_1_92' title='bbox 579 1698 719 1753; x_wconf 87' lang='lat' dir='ltr'><strong>grata</strong></span> <span class='ocrx_word' id='word_1_93' title='bbox 751 1691 901 1750; x_wconf 90' lang='lat' dir='ltr'><strong>Deis,</strong></span> <span class='ocrx_word' id='word_1_94' title='bbox 928 1694 1231 1759; x_wconf 89' lang='lat' dir='ltr'><strong>pulchroque</strong></span> <span class='ocrx_word' id='word_1_95' title='bbox 1260 1696 1472 1757; x_wconf 87' lang='lat' dir='ltr'><strong>insignis</strong></span> <span class='ocrx_word' id='word_1_96' title='bbox 1505 1696 1726 1755; x_wconf 86' lang='lat' dir='ltr'><strong>alumno,</strong></span> 
     </span>
     <span class='ocr_line' id='line_1_16' title="bbox 382 1781 1670 1847; baseline 0.002 -15"><span class='ocrx_word' id='word_1_97' title='bbox 382 1782 568 1831; x_wconf 85' lang='lat' dir='ltr'><strong>Misisti</strong></span> <span class='ocrx_word' id='word_1_98' title='bbox 599 1781 746 1829; x_wconf 89' lang='lat' dir='ltr'><strong>Latio</strong></span> <span class='ocrx_word' id='word_1_99' title='bbox 771 1782 968 1846; x_wconf 86' lang='lat' dir='ltr'><strong>placida</strong></span> <span class='ocrx_word' id='word_1_100' title='bbox 1002 1798 1150 1847; x_wconf 90' lang='lat' dir='ltr'><strong>quem</strong></span> <span class='ocrx_word' id='word_1_101' title='bbox 1178 1785 1343 1831; x_wconf 86' lang='lat' dir='ltr'><strong>fronte</strong></span> <span class='ocrx_word' id='word_1_102' title='bbox 1379 1785 1670 1834; x_wconf 90' lang='lat' dir='ltr'><strong>ministrum</strong></span> 
     </span>
     <span class='ocr_line' id='line_1_17' title="bbox 380 1869 1677 1937; baseline 0.001 -17"><span class='ocrx_word' id='word_1_103' title='bbox 380 1871 609 1937; x_wconf 89' lang='lat' dir='ltr'><strong>Juppiter</strong></span> <span class='ocrx_word' id='word_1_104' title='bbox 640 1869 896 1917; x_wconf 88' lang='lat' dir='ltr'><strong>Ausonius</strong></span> <span class='ocrx_word' id='word_1_105' title='bbox 930 1873 1146 1934; x_wconf 86' lang='lat' dir='ltr'><strong>pariter,</strong></span> <span class='ocrx_word' id='word_1_106' title='bbox 1180 1874 1504 1937; x_wconf 85' lang='lat' dir='ltr'><strong>Romanaque</strong></span> <span class='ocrx_word' id='word_1_107' title='bbox 1545 1873 1677 1921; x_wconf 90' lang='lat' dir='ltr'><strong>Juno</strong></span> 
     </span>
     <span class='ocr_line' id='line_1_18' title="bbox 378 1961 1831 2028; baseline 0.001 -19"><span class='ocrx_word' id='word_1_108' title='bbox 378 1961 669 2025; x_wconf 82' lang='lat' dir='ltr'><strong>Aspiciunt,</strong></span> <span class='ocrx_word' id='word_1_109' title='bbox 702 1967 754 2005; x_wconf 91' lang='lat' dir='ltr'><strong>et</strong></span> <span class='ocrx_word' id='word_1_110' title='bbox 785 1967 993 2024; x_wconf 88' lang='lat' dir='ltr'><strong>uterque</strong></span> <span class='ocrx_word' id='word_1_111' title='bbox 1020 1962 1248 2026; x_wconf 86' lang='lat' dir='ltr'><strong>probant.</strong></span> <span class='ocrx_word' id='word_1_112' title='bbox 1319 1961 1426 2011; x_wconf 90' lang='lat' dir='ltr'><strong>Nec</strong></span> <span class='ocrx_word' id='word_1_113' title='bbox 1456 1970 1598 2011; x_wconf 85' lang='lat' dir='ltr'><strong>tanta</strong></span> <span class='ocrx_word' id='word_1_114' title='bbox 1633 1965 1831 2028; x_wconf 84' lang='lat' dir='ltr'><strong>potenti</strong></span> 
     </span>
     <span class='ocr_line' id='line_1_19' title="bbox 378 2049 1742 2116; baseline -0.001 -16"><span class='ocrx_word' id='word_1_115' title='bbox 378 2052 646 2100; x_wconf 85' lang='lat' dir='ltr'><strong>Terrarum</strong></span> <span class='ocrx_word' id='word_1_116' title='bbox 679 2049 899 2113; x_wconf 87' lang='lat' dir='ltr'><strong>Domino</strong></span> <span class='ocrx_word' id='word_1_117' title='bbox 931 2050 1107 2101; x_wconf 88' lang='lat' dir='ltr'><strong>divum</strong></span> <span class='ocrx_word' id='word_1_118' title='bbox 1143 2053 1251 2099; x_wconf 88' lang='lat' dir='ltr'><strong>sine</strong></span> <span class='ocrx_word' id='word_1_119' title='bbox 1287 2059 1458 2099; x_wconf 89' lang='lat' dir='ltr'><strong>mente</strong></span> <span class='ocrx_word' id='word_1_120' title='bbox 1491 2052 1742 2116; x_wconf 85' lang='lat' dir='ltr'><strong>voluptas.</strong></span> 
     </span>
     <span class='ocr_line' id='line_1_20' title="bbox 374 2138 1475 2202; baseline 0 -13"><span class='ocrx_word' id='word_1_121' title='bbox 374 2144 571 2189; x_wconf 86' lang='lat' dir='ltr'><strong>Dicitur</strong></span> <span class='ocrx_word' id='word_1_122' title='bbox 595 2139 778 2187; x_wconf 90' lang='lat' dir='ltr'><strong>Idalios</strong></span> <span class='ocrx_word' id='word_1_123' title='bbox 809 2138 986 2202; x_wconf 87' lang='lat' dir='ltr'><strong>Erycis</strong></span> <span class='ocrx_word' id='word_1_124' title='bbox 1022 2139 1084 2188; x_wconf 93' lang='lat' dir='ltr'><strong>de</strong></span> <span class='ocrx_word' id='word_1_125' title='bbox 1119 2143 1308 2190; x_wconf 87' lang='lat' dir='ltr'><strong>vertice</strong></span> <span class='ocrx_word' id='word_1_126' title='bbox 1338 2142 1475 2189; x_wconf 86' lang='lat' dir='ltr'><strong>lucos</strong></span> 
     </span>
    </p>

    <p class='ocr_par' dir='ltr' id='par_1_5' title="bbox 370 2228 1790 2465">
     <span class='ocr_line' id='line_1_21' title="bbox 374 2228 1790 2294; baseline 0.001 -16"><span class='ocrx_word' id='word_1_127' title='bbox 374 2231 512 2279; x_wconf 91' lang='lat' dir='ltr'><strong>Dum</strong></span> <span class='ocrx_word' id='word_1_128' title='bbox 541 2230 692 2294; x_wconf 85' lang='lat' dir='ltr'><strong>petit,</strong></span> <span class='ocrx_word' id='word_1_129' title='bbox 724 2235 776 2275; x_wconf 89' lang='lat' dir='ltr'><strong>et</strong></span> <span class='ocrx_word' id='word_1_130' title='bbox 805 2228 983 2279; x_wconf 86' lang='lat' dir='ltr'><strong>molles</strong></span> <span class='ocrx_word' id='word_1_131' title='bbox 1015 2230 1174 2291; x_wconf 88' lang='lat' dir='ltr'><strong>agitat</strong></span> <span class='ocrx_word' id='word_1_132' title='bbox 1206 2230 1375 2279; x_wconf 88' lang='lat' dir='ltr'><strong>Venus</strong></span> <span class='ocrx_word' id='word_1_133' title='bbox 1407 2245 1560 2279; x_wconf 86' lang='lat' dir='ltr'><strong>aurea</strong></span> <span class='ocrx_word' id='word_1_134' title='bbox 1591 2246 1790 2293; x_wconf 75' lang='lat' dir='ltr'><strong>cycnoS,</strong></span> 
     </span>
     <span class='ocr_line' id='line_1_22' title="bbox 372 2318 1764 2384; baseline 0.001 -16"><span class='ocrx_word' id='word_1_135' title='bbox 372 2321 670 2382; x_wconf 84' lang='lat' dir='ltr'><strong>Pergameas</strong></span> <span class='ocrx_word' id='word_1_136' title='bbox 695 2319 911 2365; x_wconf 87' lang='lat' dir='ltr'><strong>intrasse</strong></span> <span class='ocrx_word' id='word_1_137' title='bbox 948 2318 1151 2378; x_wconf 87' lang='lat' dir='ltr'><strong>domos,</strong></span> <span class='ocrx_word' id='word_1_138' title='bbox 1186 2321 1273 2369; x_wconf 91' lang='lat' dir='ltr'><strong>ubi</strong></span> <span class='ocrx_word' id='word_1_139' title='bbox 1307 2322 1566 2372; x_wconf 74' lang='lat' dir='ltr'><strong>maximus</strong></span> <span class='ocrx_word' id='word_1_140' title='bbox 1602 2323 1764 2384; x_wconf 86' lang='lat' dir='ltr'><strong>aegris</strong></span> 
     </span>
     <span class='ocr_line' id='line_1_23' title="bbox 370 2406 1489 2465; baseline 0.001 -7"><span class='ocrx_word' id='word_1_141' title='bbox 370 2409 661 2458; x_wconf 78' lang='lat' dir='ltr'><strong>Auxiliator</strong></span> <span class='ocrx_word' id='word_1_142' title='bbox 691 2406 861 2465; x_wconf 83' lang='lat' dir='ltr'><strong>adest,</strong></span> <span class='ocrx_word' id='word_1_143' title='bbox 897 2415 949 2454; x_wconf 92' lang='lat' dir='ltr'><strong>et</strong></span> <span class='ocrx_word' id='word_1_144' title='bbox 979 2409 1274 2459; x_wconf 86' lang='lat' dir='ltr'><strong>festinantia</strong></span> <span class='ocrx_word' id='word_1_145' title='bbox 1305 2413 1489 2459; x_wconf 90' lang='lat' dir='ltr'><strong>sistens</strong></span> 
     </span>
    </p>

    <p class='ocr_par' dir='ltr' id='par_1_6' title="bbox 368 2497 1569 2563">
     <span class='ocr_line' id='line_1_24' title="bbox 368 2497 1569 2563; baseline 0.001 -16"><span class='ocrx_word' id='word_1_146' title='bbox 368 2499 499 2548; x_wconf 88' lang='lat' dir='ltr'><strong>Fata</strong></span> <span class='ocrx_word' id='word_1_147' title='bbox 527 2497 784 2546; x_wconf 88' lang='lat' dir='ltr'><strong>salutifero</strong></span> <span class='ocrx_word' id='word_1_148' title='bbox 819 2497 958 2549; x_wconf 85' lang='lat' dir='ltr'><strong>mitis</strong></span> <span class='ocrx_word' id='word_1_149' title='bbox 994 2498 1135 2551; x_wconf 81' lang='lat' dir='ltr'><strong>Deus</strong></span> <span class='ocrx_word' id='word_1_150' title='bbox 1169 2501 1374 2550; x_wconf 88' lang='lat' dir='ltr'><strong>incubat</strong></span> <span class='ocrx_word' id='word_1_151' title='bbox 1405 2503 1569 2563; x_wconf 87' lang='lat' dir='ltr'><strong>angui.</strong></span> 
     </span>
    </p>

    <p class='ocr_par' dir='ltr' id='par_1_7' title="bbox 365 2572 1718 2745">
     <span class='ocr_line' id='line_1_25' title="bbox 366 2572 1718 2651; baseline 0.002 -14"><span class='ocrx_word' id='word_1_152' title='bbox 366 2587 463 2637; x_wconf 86' lang='lat' dir='ltr'><strong>Hic</strong></span> <span class='ocrx_word' id='word_1_153' title='bbox 490 2601 702 2651; x_wconf 88' lang='lat' dir='ltr'><strong>puerum</strong></span> <span class='ocrx_word' id='word_1_154' title='bbox 737 2590 964 2648; x_wconf 85' lang='lat' dir='ltr'><strong>egregiae</strong></span> <span class='ocrx_word' id='word_1_155' title='bbox 993 2591 1305 2651; x_wconf 85' lang='lat' dir='ltr'><strong>praeclarum</strong></span> <span class='ocrx_word' id='word_1_156' title='bbox 1334 2572 1498 2639; x_wconf 88' lang='lat' dir='ltr'><strong>sidere</strong></span> <span class='ocrx_word' id='word_1_157' title='bbox 1527 2591 1718 2643; x_wconf 80' lang='lat' dir='ltr'><strong>formae</strong></span> 
     </span>
     <span class='ocr_line' id='line_1_26' title="bbox 365 2675 1525 2745; baseline 0.004 -22"><span class='ocrx_word' id='word_1_158' title='bbox 365 2678 527 2743; x_wconf 88' lang='lat' dir='ltr'><strong>Ipsius</strong></span> <span class='ocrx_word' id='word_1_159' title='bbox 562 2683 677 2728; x_wconf 86' lang='lat' dir='ltr'><strong>ante</strong></span> <span class='ocrx_word' id='word_1_160' title='bbox 710 2676 810 2723; x_wconf 92' lang='lat' dir='ltr'><strong>Dei</strong></span> <span class='ocrx_word' id='word_1_161' title='bbox 835 2675 1094 2727; x_wconf 90' lang='lat' dir='ltr'><strong>ludentem</strong></span> <span class='ocrx_word' id='word_1_162' title='bbox 1127 2682 1370 2745; x_wconf 88' lang='lat' dir='ltr'><strong>conspicit</strong></span> <span class='ocrx_word' id='word_1_163' title='bbox 1398 2695 1525 2731; x_wconf 86' lang='lat' dir='ltr'><strong>aras.</strong></span> 
     </span>
    </p>

    <p class='ocr_par' dir='ltr' id='par_1_8' title="bbox 366 2765 1545 2835">
     <span class='ocr_line' id='line_1_27' title="bbox 366 2765 1545 2835; baseline 0.003 -20"><span class='ocrx_word' id='word_1_164' title='bbox 366 2766 441 2815; x_wconf 92' lang='lat' dir='ltr'><strong>Ac</strong></span> <span class='ocrx_word' id='word_1_165' title='bbox 474 2767 693 2831; x_wconf 89' lang='lat' dir='ltr'><strong>primum</strong></span> <span class='ocrx_word' id='word_1_166' title='bbox 721 2765 887 2813; x_wconf 88' lang='lat' dir='ltr'><strong>subita</strong></span> <span class='ocrx_word' id='word_1_167' title='bbox 913 2767 1121 2829; x_wconf 85' lang='lat' dir='ltr'><strong>paulum</strong></span> <span class='ocrx_word' id='word_1_168' title='bbox 1153 2769 1363 2835; x_wconf 86' lang='lat' dir='ltr'><strong>decepta</strong></span> <span class='ocrx_word' id='word_1_169' title='bbox 1388 2771 1545 2833; x_wconf 87' lang='lat' dir='ltr'><strong>figura</strong></span> 
     </span>
    </p>

    <p class='ocr_par' dir='ltr' id='par_1_9' title="bbox 365 2855 1582 2921">
     <span class='ocr_line' id='line_1_28' title="bbox 365 2855 1582 2921; baseline 0.002 -14"><span class='ocrx_word' id='word_1_170' title='bbox 365 2857 611 2907; x_wconf 90' lang='lat' dir='ltr'><strong>Natorum</strong></span> <span class='ocrx_word' id='word_1_171' title='bbox 642 2855 705 2902; x_wconf 93' lang='lat' dir='ltr'><strong>de</strong></span> <span class='ocrx_word' id='word_1_172' title='bbox 737 2855 882 2920; x_wconf 90' lang='lat' dir='ltr'><strong>plebe</strong></span> <span class='ocrx_word' id='word_1_173' title='bbox 912 2864 1080 2921; x_wconf 74' lang='lat' dir='ltr'><strong>putatt</strong></span> <span class='ocrx_word' id='word_1_174' title='bbox 1110 2860 1201 2908; x_wconf 91' lang='lat' dir='ltr'><strong>sed</strong></span> <span class='ocrx_word' id='word_1_175' title='bbox 1230 2875 1334 2908; x_wconf 90' lang='lat' dir='ltr'><strong>non</strong></span> <span class='ocrx_word' id='word_1_176' title='bbox 1367 2869 1475 2909; x_wconf 89' lang='lat' dir='ltr'><strong>erat</strong></span> <span class='ocrx_word' id='word_1_177' title='bbox 1508 2861 1582 2909; x_wconf 91' lang='lat' dir='ltr'><strong>illi</strong></span> 
     </span>
    </p>

    <p class='ocr_par' dir='ltr' id='par_1_10' title="bbox 363 2945 1776 3109">
     <span class='ocr_line' id='line_1_29' title="bbox 365 2945 1776 3014; baseline 0.006 -20"><span class='ocrx_word' id='word_1_178' title='bbox 365 2946 548 3004; x_wconf 88' lang='lat' dir='ltr'><strong>Arcus,</strong></span> <span class='ocrx_word' id='word_1_179' title='bbox 585 2953 636 2993; x_wconf 93' lang='lat' dir='ltr'><strong>et</strong></span> <span class='ocrx_word' id='word_1_180' title='bbox 665 2959 735 2992; x_wconf 81' lang='lat' dir='ltr'><strong>ex</strong></span> <span class='ocrx_word' id='word_1_181' title='bbox 765 2945 987 2995; x_wconf 89' lang='lat' dir='ltr'><strong>humeris</strong></span> <span class='ocrx_word' id='word_1_182' title='bbox 1020 2949 1186 2998; x_wconf 88' lang='lat' dir='ltr'><strong>nullae</strong></span> <span class='ocrx_word' id='word_1_183' title='bbox 1217 2951 1522 3014; x_wconf 79' lang='lat' dir='ltr'><strong>fulgentibus</strong></span> <span class='ocrx_word' id='word_1_184' title='bbox 1555 2950 1776 3003; x_wconf 73' lang='lat' dir='ltr'><strong>umbrae,</strong></span> 
     </span>
     <span class='ocr_line' id='line_1_30' title="bbox 363 3035 1628 3109; baseline 0.009 -27"><span class='ocrx_word' id='word_1_185' title='bbox 363 3036 574 3083; x_wconf 84' lang='lat' dir='ltr'><strong>Miratur</strong></span> <span class='ocrx_word' id='word_1_186' title='bbox 607 3035 798 3100; x_wconf 90' lang='lat' dir='ltr'><strong>puerile</strong></span> <span class='ocrx_word' id='word_1_187' title='bbox 835 3036 1007 3098; x_wconf 86' lang='lat' dir='ltr'><strong>decus3</strong></span> <span class='ocrx_word' id='word_1_188' title='bbox 1034 3039 1329 3107; x_wconf 82' lang='lat' dir='ltr'><strong>vultumque</strong></span> <span class='ocrx_word' id='word_1_189' title='bbox 1362 3057 1628 3109; x_wconf 86' lang='lat' dir='ltr'><strong>comasque</strong></span> 
     </span>
    </p>
   </div>
   <div class='ocr_carea' id='block_1_3' title="bbox 373 3164 709 3178">
    <p class='ocr_par' dir='ltr' id='par_1_11' title="bbox 373 3164 709 3178">
     <span class='ocr_line' id='line_1_31' title="bbox 373 3164 709 3178; baseline 0 662"><span class='ocrx_word' id='word_1_190' title='bbox 373 3164 709 3178; x_wconf 95' lang='lat' dir='ltr'><strong> </strong></span> 
     </span>
    </p>
   </div>
   <div class='ocr_carea' id='block_1_4' title="bbox 455 3243 1436 3291">
    <p class='ocr_par' dir='ltr' id='par_1_12' title="bbox 455 3243 1436 3291">
     <span class='ocr_line' id='line_1_32' title="bbox 455 3243 1436 3291; baseline 0.011 -18"><span class='ocrx_word' id='word_1_191' title='bbox 455 3243 495 3274; x_wconf 86' lang='lat' dir='ltr'><strong>V.</strong></span> <span class='ocrx_word' id='word_1_192' title='bbox 526 3243 577 3274; x_wconf 81' lang='lat'><strong>13.</strong></span> <span class='ocrx_word' id='word_1_193' title='bbox 600 3250 702 3276; x_wconf 75' lang='lat' dir='ltr'><strong>NUBE.</strong></span> <span class='ocrx_word' id='word_1_194' title='bbox 750 3246 822 3284; x_wconf 82' lang='lat'><strong>[27.</strong></span> <span class='ocrx_word' id='word_1_195' title='bbox 846 3254 963 3289; x_wconf 74' lang='lat' dir='ltr'><strong>AnAs,</strong></span> <span class='ocrx_word' id='word_1_196' title='bbox 991 3251 1092 3281; x_wconf 78' lang='lat' dir='ltr'><strong>antea</strong></span> <span class='ocrx_word' id='word_1_197' title='bbox 1116 3258 1226 3284; x_wconf 57' lang='lat' dir='ltr'><strong>Anam.</strong></span> <span class='ocrx_word' id='word_1_198' title='bbox 1251 3258 1318 3283; x_wconf 74' lang='lat' dir='ltr'><strong>Eo.</strong></span> <span class='ocrx_word' id='word_1_199' title='bbox 1352 3254 1436 3291; x_wconf 52' lang='lat' dir='ltr'><strong>mm]</strong></span> 
     </span>
    </p>
   </div>
   <div class='ocr_carea' id='block_1_5' title="bbox 2577 1179 2640 1226">
    <p class='ocr_par' dir='ltr' id='par_1_13' title="bbox 2577 1179 2640 1226">
     <span class='ocr_line' id='line_1_33' title="bbox 2577 1179 2640 1226; baseline -0.032 0"><span class='ocrx_word' id='word_1_200' title='bbox 2577 1179 2640 1226; x_wconf 73' lang='lat'><strong>10</strong></span> 
     </span>
    </p>
   </div>
   <div class='ocr_carea' id='block_1_6' title="bbox 2571 1624 2631 1668">
    <p class='ocr_par' dir='ltr' id='par_1_14' title="bbox 2571 1624 2631 1668">
     <span class='ocr_line' id='line_1_34' title="bbox 2571 1624 2631 1668; baseline 0.017 -1"><span class='ocrx_word' id='word_1_201' title='bbox 2571 1624 2631 1668; x_wconf 90' lang='lat'><strong>15</strong></span> 
     </span>
    </p>
   </div>
   <div class='ocr_carea' id='block_1_7' title="bbox 2561 2072 2631 2119">
    <p class='ocr_par' dir='ltr' id='par_1_15' title="bbox 2561 2072 2631 2119">
     <span class='ocr_line' id='line_1_35' title="bbox 2561 2072 2631 2119; baseline 0.014 -1"><span class='ocrx_word' id='word_1_202' title='bbox 2561 2072 2631 2119; x_wconf 84' lang='lat'><strong>20</strong></span> 
     </span>
    </p>
   </div>
   <div class='ocr_carea' id='block_1_8' title="bbox 2550 2519 2616 2565">
    <p class='ocr_par' dir='ltr' id='par_1_16' title="bbox 2550 2519 2616 2565">
     <span class='ocr_line' id='line_1_36' title="bbox 2550 2519 2616 2565; baseline 0.03 -2"><span class='ocrx_word' id='word_1_203' title='bbox 2550 2519 2616 2565; x_wconf 82' lang='lat'><strong>25</strong></span> 
     </span>
    </p>
   </div>
   <div class='ocr_carea' id='block_1_9' title="bbox 2544 2966 2611 3012">
    <p class='ocr_par' dir='ltr' id='par_1_17' title="bbox 2544 2966 2611 3012">
     <span class='ocr_line' id='line_1_37' title="bbox 2544 2966 2611 3012; baseline 0 0"><span class='ocrx_word' id='word_1_204' title='bbox 2544 2966 2611 3012; x_wconf 88' lang='grc'><strong>30</strong></span> 
     </span>
    </p>
   </div>
   <div class='ocr_carea' id='block_1_10' title="bbox 2812 0 2884 3840">
    <p class='ocr_par' dir='ltr' id='par_1_18' title="bbox 2812 0 2884 3840">
     <span class='ocr_line' id='line_1_38' title="bbox 2812 0 2884 3840; baseline 0 0"><span class='ocrx_word' id='word_1_205' title='bbox 2812 0 2884 3840; x_wconf 95' lang='lat' dir='ltr'><strong> </strong></span> 
     </span>
    </p>
   </div>
  </div>
 </body>
</html>
