2892 3840
376 356 480 431 v202
525 343 533 353 ⁴

380 506 487 538 nibus.
533 503 685 537 Tibullus
710 503 805 544 Eleg.
832 503 886 544 11,
912 502 945 533 6.
976 508 1008 533 v.
1033 501 1088 532 25.
1117 499 1159 531 de
1183 499 1386 539 praedatore
1410 499 1464 532 lo·

381 560 541 629 quenz-ui
568 596 660 635 lapis
692 599 860 626 externus
885 600 993 623 cume
1018 593 1091 626 θεῖ’
1112 589 1255 631 ’ΨΜ-ΨΜ
1278 590 1439 622 mmmm·

517 641 689 673 Ponatur
710 640 836 671 validis
860 637 952 668 mille
977 635 1134 666 columna
1151 634 1252 677 juges
1268 645 1282 666 .-
1295 639 1314 654 1

381 690 432 719 Ita
457 687 659 728 legendum:
693 683 890 724 depravavit
917 680 1137 720 politissimus
1163 681 1391 713 Broukhusius
1416 682 1466 712 le-

382 743 465 774 gens
497 737 530 765 et
557 733 679 772 edens,
723 730 811 766 Quid
834 730 924 768 lapis
950 731 1118 758 externus
1144 737 1253 759 curae
1278 725 1358 759 est?
1402 729 1462 758 ab·

382 783 481 819 rupte
510 780 545 810 et
577 778 669 807 nulla
702 775 927 807 connexione.
980 773 1149 812 Scriptum
1175 775 1249 805 erat
1279 775 1378 813 Quoi,
1400 783 1463 804 an-

382 827 476 865 tiquo
508 832 602 856 more
632 831 692 861 pro
727 822 812 851 Cui:
859 820 949 851 unde
974 820 1128 851 fecerunt
1153 821 1254 859 Quid.
1300 820 1387 851 Vide
1410 820 1463 850 lo-

382 882 457 903 cum
492 873 524 901 et
550 877 678 899 mecum
711 866 846 897 senties.
895 864 962 897 Sed
985 865 1109 896 nimius
1136 875 1209 897 sum
1234 866 1269 896 in
1292 875 1331 897 re
1358 866 1461 897 clara.

381 921 509 956 Supra,
544 915 721 952 imperium
749 912 862 944 animi
884 911 920 942 in
943 913 1112 954 membra,
1147 915 1186 943 ut
1213 913 1300 952 apud
1325 912 1461 944 Sallust.

383 964 424 994 de
450 963 519 992 Bel.
540 961 612 991 Cat.
640 958 758 989 initio:
805 957 908 988 animi
935 957 1096 998 imperio,
1135 961 1294 997 corporis
1318 960 1461 990 servitio

379 1009 491 1048 magis,
522 1007 663 1036 utimur.
702 1004 876 1044 eleganter
907 1005 952 1035 M.
990 1006 1120 1036 Seneca
1153 1006 1262 1036 Praef.
1299 1007 1459 1038 Controv.

378 1057 404 1084 l.
441 1054 481 1082 de
516 1050 637 1082 Porcio
669 1051 839 1082 Latrone:
887 1051 1072 1082 Nesciebat
1093 1050 1339 1093 ydispensare
1365 1054 1461 1083 vires

379 1107 476 1139 suas,
502 1098 563 1128 sed
585 1096 795 1128 immoderati
821 1096 999 1127 adversum
1028 1106 1064 1127 se
1096 1097 1228 1136 imperii
1249 1099 1342 1139 fuit.
1366 1100 1459 1128 Vers.

379 1147 431 1176 56.
453 1153 515 1182 pro
543 1144 720 1183 subrepsit
746 1144 788 1174 N.
808 1142 968 1174 Heinsius
986 1144 1029 1174 ad
1048 1143 1233 1174 ovid.Met.
1242 1146 1315 1183 Vll,
1333 1143 1461 1175 l55.ci-

377 1193 425 1221 tat
446 1190 622 1228 subrepit:
649 1189 844 1230 memoriae,
857 1189 989 1230 opinor,
1002 1199 1130 1223 errore.
1143 1191 1239 1221 Vers.
1256 1192 1311 1221 57.
1335 1199 1396 1228 pro
1405 1192 1462 1229 pi-

374 1247 461 1278 grae
481 1235 605 1266 oblivia
615 1234 909 1275 vitae,legcndum
921 1238 1029 1276 pigra
1040 1235 1222 1273 oblivia‚nt
1233 1236 1335 1266 Theb.
1346 1235 1390 1275 X,
1404 1236 1459 1266 89.

466 1281 588 1312 Limen
625 1291 738 1320 opaca
767 1283 873 1320 Quies
900 1287 934 1312 et
957 1282 1052 1321 pigra
1076 1282 1208 1313 Oblivia
1235 1286 1390 1313 servant.

382 1327 466 1371 Vita
489 1337 559 1358 non
583 1329 656 1358 erat
674 1330 794 1368 pigra,
823 1327 882 1358 sed
907 1328 1057 1359 oblivia:
1076 1330 1110 1358 et
1130 1328 1159 1358 si
1179 1328 1306 1359 oblivia
1329 1334 1461 1358 PionAE

376 1376 469 1404 ritae
503 1374 538 1404 in
564 1376 656 1404 artus
681 1373 947 1413 subrepsissent,
994 1383 1103 1405 sanus
1128 1373 1267 1406 fuisset:
1314 1374 1400 1404 adeo
1424 1375 1462 1403 ut

376 1421 459 1450 haec
500 1419 601 1450 lectio
635 1421 747 1451 sensui
784 1419 1003 1451 contradicat.
1059 1420 1115 1452 Sic
1144 1420 1304 1459 jucunda
1334 1420 1463 1451 oblivia

377 1466 467 1495 vitae
515 1464 656 1496 Horatio
699 1465 870 1503 Epistolis.
926 1467 1067 1497 luere-ca
1109 1467 1202 1497 vitae
1238 1475 1299 1506 pro
1333 1475 1462 1506 somno,

378 1512 466 1550 apud
489 1510 665 1549 Virgilium
689 1511 803 1542 Culice
829 1520 860 1542 v.
886 1512 963 1542 384.

466 1557 574 1587 Hunc
599 1557 658 1586 ubi
675 1557 862 1587 sollicitum
887 1557 1021 1588 dimisit
1049 1555 1173 1587 inertia
1200 1556 1300 1588 vitae.

422 1611 455 1633 v.
485 1604 538 1634 59.
587 1602 711 1642 Signat
737 1603 933 1641 Apollineos
961 1604 1095 1640 sancto]
1124 1604 1196 1633 Hoc
1224 1612 1356 1634 omnem
1381 1615 1463 1636 ταυ-

376 1649 536 1690 τολογίαν
559 1650 718 1687 superat:
752 1649 778 1679 si
811 1649 900 1679 enim
923 1648 1098 1688 Apollinei
1115 1652 1192 1680 sunt
1217 1648 1306 1685 luci,
1350 1660 1370 1680 a
1395 1660 1460 1689 quo

378 1703 503 1733 quaeso
538 1694 603 1724 nisi
639 1695 680 1724 ab
709 1692 866 1734 Apolline
902 1703 1091 1733 cognomen
1126 1695 1214 1725 istud
1250 1695 1372 1727 habere
1399 1706 1460 1735 po-

377 1741 537 1771 tuerunt?
578 1740 667 1771 idem
705 1741 757 1770 est
792 1750 831 1771 ac
869 1739 896 1769 si
932 1740 1092 1778 dixisset,
1129 1742 1222 1772 Deus
1257 1741 1312 1779 qui
1350 1742 1461 1781 signat

377 1785 576 1824 Apollineos
612 1787 708 1816 lucos
750 1785 949 1825 cognomine
983 1785 1180 1825 Apollinis.-
1223 1788 1313 1825 quod
1349 1792 1460 1820 certus

377 1841 449 1862 sum
474 1831 615 1863 Statium
640 1841 811 1869 nunquam
837 1832 1003 1862 dicturum
1024 1832 1138 1863 fuisse.
1188 1834 1289 1872 Lege,

470 1878 567 1908 Tune
593 1879 676 1908 deus
700 1877 829 1916 Alpini
863 1880 924 1917 qui
937 1878 1050 1916 juxta
1076 1879 1228 1909 culmina
1256 1880 1354 1910 dorsi

469 1923 596 1964 Signat
619 1923 799 1962 Apollineo
824 1925 958 1954 sanctos
981 1927 1177 1964 cognomine
1205 1925 1314 1955 lucos.

375 1969 450 1999 Jam
475 1978 558 2001 vero
584 1969 678 2000 vides
703 1969 941 2000 necessitatem
965 1969 1059 2001 vocis
1085 1970 1289 2009 Apollineo.-
1318 1969 1346 2000 si
1371 1969 1458 2000 enim

376 2015 483 2045 solum
518 2015 659 2046 dixisset
695 2017 777 2046 deus
814 2018 875 2056 qui
898 2018 1016 2056 signat
1038 2017 1135 2047 lucos
1162 2024 1227 2047 suo
1254 2019 1461 2057 cognomine,

376 2070 446 2091 non
481 2070 597 2093 omnes
630 2061 876 2092 intellexissent
903 2071 1079 2100 quemnam
1105 2064 1254 2094 Deorum
1283 2062 1460 2102 designare

375 2107 501 2138 voluit:
524 2107 607 2138 haec
631 2117 714 2139 vero
734 2117 800 2139 vox
822 2108 1100 2147 significationem
1122 2110 1333 2141 determinat.
1361 2110 1462 2147 Apol-

374 2153 408 2184 lo
434 2154 597 2185 Vercellis
623 2151 685 2195 (ex
711 2164 775 2192 quo
802 2154 946 2195 oppido,
990 2155 1132 2196 opinor,
1176 2158 1270 2187 ortus
1295 2155 1458 2194 Gallicus)

376 2200 570 2231 colebatur:
611 2200 690 2230 inde
722 2200 924 2240 Apollineae
955 2202 1131 2233 Vercellae
1164 2202 1312 2233 Martial.
1344 2202 1459 2241 Epigr.

375 2245 429 2286 X,
457 2247 510 2277 12.

420 2299 452 2322 v.
475 2294 532 2322 61.
575 2293 864 2331 Praegressusque
894 2301 1007 2323 moras
1044 2293 1125 2331 etc.]
1167 2294 1207 2324 In
1240 2295 1313 2325 toto
1352 2292 1460 2324 Statio

377 2337 437 2367 vix
468 2346 555 2368 unus
588 2340 622 2368 et
655 2339 741 2369 alter
775 2338 838 2369 hoc
870 2337 1076 2377 inquinatior
1100 2339 1207 2370 loeus.
1255 2341 1375 2371 Totum
1402 2341 1461 2372 ad-

376 2391 519 2422 ponam,
540 2383 627 2414 sicut
651 2384 686 2414 in
711 2385 856 2424 vulgatis
880 2384 1021 2424 legitur:

466 2429 645 2468 Respicit,
671 2430 736 2461 lzeu
759 2433 855 2462 tanti
876 2432 1007 2469 pridem
1029 2439 1174 2461 securus
1203 2432 1348 2467 alumni,

463 2476 748 2516 Praeguessusque
788 2486 920 2508 moras:
966 2477 1035 2507 huc
1077 2486 1207 2508 mecum
1253 2477 1457 2516 Epidauria

587 2523 708 2562 proles

464 2566 552 2597 Hinc
571 2568 630 2599 alti
653 2569 808 2610 gaudens
842 2569 948 2598 datur
971 2568 1207 2608 adgredienda
1224 2568 1406 2610 facultaS.

466 2613 642 2654 Ingentem
665 2623 829 2645 recreare
853 2616 964 2644 virum
989 2617 1155 2644 tentemus
1176 2615 1304 2644 adorti.

465 2659 624 2690 Tendatis
639 2659 716 2698 jam
732 2658 804 2698 fila
827 2661 940 2699 colos,
965 2669 1030 2690 nec
1050 2661 1216 2702 fulminis
1245 2661 1321 2690 atri

468 2704 523 2735 Sit
545 2711 677 2737 metus.-
700 2706 767 2737 lzas
793 2705 886 2735 ultro
909 2705 1055 2736 laudarit
1083 2705 1250 2744 Juppiter
1276 2712 1384 2738 artes.

376 2745 551 2782 Editiones
571 2752 696 2782 multae
721 2752 769 2782 ita
790 2751 907 2789 legunt
928 2752 962 2781 et
989 2750 1199 2790 distinguunt
1221 2751 1309 2782 hunc
1330 2753 1454 2790 locum,

376 2790 440 2823 nisi
483 2796 571 2835 quod
607 2798 730 2829 Aldina
772 2798 806 2826 et
838 2805 912 2827 eam
944 2799 1080 2828 secutae
1114 2798 1299 2828 nonnullae
1329 2799 1454 2830 habent

376 2837 612 2882 Progressus,
656 2845 690 2874 et
721 2849 897 2874 teneamus
928 2852 990 2881 pro
1025 2847 1205 2874 tentemus.
1261 2844 1453 2877 Parmensis

376 2882 590 2928 Progressus
612 2898 752 2922 moras:
791 2889 961 2929 Romana,
997 2898 1138 2920 morans
1152 2900 1163 2919 .·
1186 2890 1239 2926 et,
1273 2890 1358 2922 liinc
1381 2900 1453 2922 me-

377 2938 461 2963 cum.
509 2935 652 2966 Multum
686 2934 817 2966 sudabit
849 2933 999 2974 quisquis
1030 2935 1113 2966 haec
1146 2934 1362 2975 interpretari
1397 2947 1454 2969 co-

377 2979 518 3011 nabitur.
544 2981 611 3012 Alii
636 2982 754 3022 legunt
767 2981 1049 3021 Progressusque
1078 2991 1230 3022 morans,
1254 2982 1325 3020 alii,
1344 2984 1453 3015 Prae-

376 3032 582 3067 gressusque
604 3038 721 3059 moras
730 3038 745 3068 ‚-
777 3027 868 3066 quod
896 3027 1087 3067 explicant,
1122 3030 1264 3066 statim,
1290 3031 1365 3061 sine
1388 3040 1455 3062 mo-

379 3074 433 3102 ra,
482 3072 525 3102 Et
561 3073 622 3104 hoc
643 3074 767 3105 retinet
792 3073 993 3111 Gevartius;
1030 3082 1099 3104 non
1125 3075 1213 3104 male
1236 3075 1279 3105 ad
1306 3084 1453 3118 sensum,

381 3113 440 3144 ted
462 3117 620 3153 phraseos
643 3120 764 3151 desunt
788 3120 964 3160 exempla,
1000 3121 1034 3150 et
1057 3120 1200 3152 deerunt
1223 3121 1251 3151 si
1275 3126 1369 3154 recte
1394 3132 1454 3156 au-

380 3167 493 3196 guror.
541 3164 627 3199 Quid
653 3166 784 3197 multa?
805 3165 938 3204 scripsit
961 3165 1099 3207 Statius,

468 3205 653 3248 Respicit,
676 3211 741 3241 lieu
759 3212 894 3251 pridem
919 3214 1014 3244 tanti
1040 3220 1184 3244 securus
1209 3211 1343 3244 alumni

1205 374 1392 424 Nona
1428 387 1498 424 An
1531 376 1637 426 Lm.
1667 377 1703 425 Ι.
1742 381 1788 424 4.

2142 400 2209 460 Ξῇ
2403 403 2435 451 y
2451 399 2501 438 58
2528 403 2562 452 y
2571 399 2625 440 59

1625 501 1876 542 Perpessusque
1903 511 2045 537 moras.-
2066 502 2151 538 Huc
2176 517 2304 541 mecum
2330 511 2394 542 ete.

1529 547 1613 587 pati
1642 550 1677 579 et
1707 550 1850 588 perpeti
1879 558 1997 581 moras
2029 558 2093 590 pro
2117 556 2251 586 ntor-ari
2274 557 2416 595 probum
2443 557 2505 588 est.
2554 556 2624 587 No-

1535 596 1606 625 ster
1628 593 1748 626 Achill.
1771 596 1810 635 1,
1839 595 1916 630 126.

1628 640 1838 672 Iamdudum
1863 643 1972 672 tacito
1988 639 2136 674 'lustrat
2161 642 2278 675 Thetis
2301 649 2415 678 omnia
2435 649 2515 678 visu
2525 656 2542 686 ,·

1624 687 1698 717 Nec
1717 695 1879 726 perpessa
1900 695 2025 724 moras,
2042 686 2193 721 Ubinam
2214 699 2290 720 mea
2294 692 2459 732 pignora,
2471 693 2612 735 chiron,

1625 733 1716 772 Dic,
1740 734 1805 764 ait.

1531 776 1667 809 Tacitus
1695 779 1820 810 Annal.
1866 776 1919 818 114
1966 784 2080 819 Neque
2115 784 2230 810 tamen
2261 783 2439 824 mitigatus
2469 785 2551 816 Piso
2583 790 2621 816 et

1531 825 1595 854 vix
1622 825 1692 855 diei
1714 834 1843 857 moram
1863 833 2058 863 perpessus,
2085 826 2211 866 linquit
2234 825 2493 867 Germanicum,
2513 839 2618 869 prae.

1531 873 1703 911 venitque.
1762 870 1889 901 Plinius
1923 871 2085 911 Panegyr.
2141 873 2326 911 Perpessus
2359 885 2396 907 es
2424 876 2561 917 tongum
2579 878 2616 908 it-

1533 916 1593 947 lud
1614 918 1827 947 comitiorum
1850 926 1990 947 carmen
2003 938 2015 954 ‚
2056 927 2120 949 nec
2139 917 2217 956 jam
2243 921 2457 952 irridendam
2481 930 2617 956 moran.

1530 964 1630 993 Hunc
1655 962 1753 994 Statii
1777 964 1891 995 locum
1916 962 2068 995 imitatur
2091 965 2295 997 Claudianus
2318 968 2465 1007 Epithal.
2490 968 2616 1002 Pallan.
2677 1002 2680 1004 ,

1531 1011 1566 1040 et
1590 1009 1699 1041 Celer.
1730 1017 1760 1039 v.
1788 1012 1842 1041 55.

1621 1056 1690 1085 Ille
1711 1056 1848 1096 refert:
1872 1053 2038 1094 Equidem
2064 1056 2190 1086 dudum
2218 1061 2273 1094 te,
2295 1058 2404 1096 Diva,
2432 1060 2620 1092 morantem

1623 1101 1807 1141 Mirabar,
1833 1101 1923 1139 quod
1947 1100 2062 1131 adhuc
2086 1101 2171 1132 tanti
2199 1110 2320 1135 secura
2344 1114 2504 1137 maneres

1626 1145 1793 1186 Conjugii.

1530 1192 1663 1223 Deinde
1688 1191 1771 1230 legit
1796 1191 1988 1230 Gevartius,

1666 1237 1750 1267 Huc
1770 1247 1920 1274 mecum,
1945 1237 2142 1276 Epidauria
2163 1240 2296 1278 proles,

1620 1283 1694 1314 Huc
1717 1282 1794 1313 altis
1811 1284 1966 1324 gaudens
1977 1292 1993 1322 ;
2021 1283 2145 1320 (datur
2169 1288 2405 1326 aggredienda
2417 1287 2616 1330 facultas.)
2679 1287 2681 1290 ’

1531 1332 1672 1370 probum
1695 1329 1778 1359 Huc
1801 1338 1864 1368 pro
1889 1329 1997 1369 Hinc,
2022 1328 2083 1362 Sil.
2114 1331 2253 1363 Italicus
2278 1333 2360 1375 XV,
2388 1335 2466 1366 359.

1622 1377 1696 1406 Huc
1719 1377 1848 1413 decus,
1871 1375 1958 1412 huc,
1986 1380 2158 1406 nostrum.

1531 1423 1575 1452 Et
1595 1423 1646 1461 X,
1670 1423 1724 1452 87.

1622 1470 1696 1499 Huc
1720 1467 1790 1499 tela
1804 1489 1813 1506 ,
1858 1466 1941 1507 buc,
1983 1467 2115 1506 inquit,
2158 1468 2324 1501 dextram
2348 1471 2616 1510 implorantibus

1751 1514 1799 1544 ad
1819 1521 1867 1543 er.

1532 1558 1736 1590 Claudianus
1762 1514 1931 1591 infRufln.
1960 1558 2003 1596 11,
2031 1558 2111 1589 498.

1622 1606 1718 1644 Huc,
1746 1605 1915 1644 Superum
1942 1603 2060 1640 labes,
2093 1603 2168 1645 linc,
2194 1607 2413 1639 insatiabilis
2439 1611 2528 1639 auri

1621 1651 1826 1690 Proluvies,
1847 1651 2029 1690 pretioque
2056 1650 2150 1682 nihil
2178 1660 2245 1682 non
2270 1661 2357 1684 ause
2387 1659 2532 1692 parato.

1529 1696 1750 1728 Nemesianus
1775 1699 1934 1736 cyneget.
1966 1704 1997 1725 v.
2022 1696 2078 1726 99.

1620 1745 1694 1774 Huc
1722 1746 1828 1785 igitur
1853 1750 2004 1781 meeum,
2030 1743 2185 1781 quisquis
2206 1752 2402 1782 percussus
2427 1754 2546 1777 amore

1625 1790 1805 1830 Venandi,
1831 1789 1978 1819 damnas
2002 1788 2080 1820 lites
2094 1797 2107 1817 .-

1529 1835 1593 1867 Ubi
1625 1836 1755 1874 pariter
1788 1844 1904 1866 omnes
1941 1834 2043 1864 codd.
2077 1834 2201 1864 habent
2235 1833 2332 1865 Hinc
2362 1834 2476 1874 igitur.
2532 1837 2614 1868 Pro-

1529 1884 1607 1913 bum
1638 1881 1739 1912 etiam
1762 1882 1848 1912 altis
1872 1880 2044 1921 gaudens,
2086 1880 2121 1910 id
2147 1881 2219 1920 est,
2260 1883 2394 1922 magnis
2418 1885 2453 1913 et
2475 1883 2613 1925 arduis,

1531 1931 1567 1959 ut
1589 1927 1710 1966 Virgil.
1733 1929 1855 1966 Georg.
1885 1929 1945 1966 Ill,
1969 1927 2026 1957 42.

1626 1974 1671 2004 Te
1699 1975 1792 2014 sine,
1814 1974 1866 2004 nil
1888 1973 1992 2004 altum
2013 1981 2107 2003 mens
2132 1971 2286 2002 inchoat.

1530 2021 1661 2052 Seneca
1689 2021 1730 2051 de
1751 2020 1947 2051 l‘rovident.
1974 2028 2003 2051 c.
2033 2020 2073 2049 V.
2097 2018 2236 2049 humilis
2259 2021 2302 2054 {et
2335 2019 2460 2050 inertis
2485 2025 2541 2052 est
2562 2025 2614 2052 tu-

1530 2072 1570 2097 ta
1603 2069 1756 2098 sectari:
1799 2076 1867 2105 per
1901 2066 1969 2097 alta
2003 2066 2118 2096 virtus
2153 2066 2190 2095 it.
2248 2063 2385 2094 Tacitus
2407 2066 2528 2097 Annal.
2554 2069 2612 2099 1v.

1533 2112 1696 2152 Optumus
1734 2114 1858 2153 quippe
1890 2111 2085 2143 mortalium
2120 2109 2285 2141 altissima
2316 2121 2452 2150 cupere.
2495 2112 2614 2146 Liviu!

1531 2161 1565 2200 I,
1597 2161 1653 2192 34.
1700 2158 1860 2190 Excelsa
1898 2164 1933 2190 et
1960 2158 2029 2188 alta
2053 2166 2201 2195 sperare
2225 2157 2406 2196 complexa
2425 2160 2537 2190 virum
2554 2159 2613 2199 jn-

1530 2206 1596 2236 bet.
1653 2206 1725 2242 Ita,
1772 2206 1903 2246 gaudet
1935 2203 2098 2242 patientia
2134 2204 2234 2234 duris
2269 2203 2358 2242 apud
2389 2205 2515 2238 Lucan.
2548 2207 2612 2248 lx,

1529 2252 1609 2283 403.
1636 2250 1666 2294 5
1678 2252 1781 2282 fidere
1818 2253 1921 2282 laetis
1954 2250 2056 2281 Theb.
2088 2249 2157 2290 XI,
2203 2251 2283 2284 551.
2327 2248 2467 2290 Aspera
2493 2260 2610 2284 amans

1530 2298 1716 2338 Scaevola,
1752 2298 1814 2329 Sil.
1837 2297 1974 2329 Italicus
1995 2297 2067 2337 IX,
2113 2297 2190 2328 571.
2215 2304 2319 2335 aegra
2339 2297 2442 2328 laetis
2466 2297 2610 2340 Invidia,

1530 2344 1633 2376 Theb.
1653 2345 1690 2381 1,
1728 2345 1804 2375 126.
1831 2346 1865 2375 et
1887 2342 2011 2382 ubique
2038 2341 2193 2381 exempla
2218 2342 2254 2373 in
2278 2341 2453 2381 utriunque
2474 2344 2610 2383 generis

1529 2389 1761 2429 scriptoribus,
1818 2391 1890 2421 Nec
1926 2389 2084 2429 exempla
2124 2388 2307 2419 adduxisse
2349 2397 2433 2427 opus
2475 2389 2608 2433 fuisset,

1526 2436 1593 2467 nisi
1628 2435 1822 2468 Gronovius
1851 2436 1994 2468 Diatrib.
2026 2445 2054 2466 c.
2081 2436 2133 2475 11,
2168 2435 2202 2464 et
2228 2433 2415 2464 XXXVlll.
2442 2435 2574 2479 defen}
2595 2463 2603 2469 ,
2644 2460 2645 2463 ¹

1526 2485 1578 2513 set
1621 2483 1689 2513 alti
1728 2483 1898 2521 gaudens:
1949 2481 2039 2520 quod
2078 2479 2210 2518 quidem
2244 2479 2401 2510 Latinum
2435 2484 2487 2512 est
2519 2481 2533 2526 (
2606 2488 2660 2515 μ

1526 2530 1690 2559 Graecum
1726 2528 1847 2570 mavis)
1881 2527 2018 2559 minime
2059 2530 2173 2558 tamen
2205 2525 2284 2556 huic
2307 2526 2384 2558 loco
2409 2526 2591 2568 congruui's
2614 2525 2699 2572 *4:35³*

1523 2575 1656 2606 Deinde
1681 2574 1963 2613 distinguendum,
2600 2572 2606 2579 ¹

1799 2621 1905 2651 datur
1923 2618 2158 2660 adgredienda
2173 2617 2339 2660 facultas

1613 2665 1790 2705 Ingentem
1815 2674 1980 2697 recreare
2002 2666 2115 2695 virum
2129 2675 2142 2695 .-

1523 2711 1588 2741 Per
1613 2719 1649 2741 se
1674 2712 1783 2749 patet:
1810 2716 1843 2743 et
1870 2711 1897 2742 si
1923 2721 1992 2742 non
2016 2712 2170 2749 pateret,
2193 2708 2258 2739 hoc
2282 2710 2394 2739 tamen
2418 2711 2608 2748 postularet

1523 2765 1593 2787 vox
1619 2757 1807 2799 facultas,
1848 2767 1933 2797 quae
1968 2758 2106 2788 verbum
2142 2754 2344 2787 infinitivum
2376 2758 2453 2794 post
2476 2767 2513 2789 se
2534 2758 2607 2791 fere

1522 2802 1634 2836 trahit.
1658 2802 1705 2833 ita
1728 2803 1809 2835 Silv.
1834 2806 1886 2844 11,
1916 2807 1944 2835 1.

1659 2859 1702 2879 ne
1719 2859 1831 2889 puero
1857 2852 1949 2882 dura
1973 2846 2188 2880 adscendisse
2211 2846 2366 2878 facultas.

1522 2893 1624 2925 Theb.
1650 2896 1722 2932 lv,
1754 2897 1831 2927 513.

1659 2946 1695 2972 et
1722 2942 1818 2973 nobis
1847 2940 1979 2972 saevire
2005 2941 2159 2972 facultas.

1522 2984 1610 3026 XII,
1636 2986 1691 3018 36.

2020 3041 2085 3063 nec
2110 3038 2207 3065 certa
2228 3032 2371 3063 facultas

1612 3076 1764 3109 Nascere
1795 3087 1893 3119 quent
1917 3079 2038 3109 miseri
2058 3079 2170 3109 vitent
2192 3078 2372 3109 calcentve
2396 3084 2562 3108 morem.

1522 3121 1646 3160 passim
1670 3122 1835 3156 invenies.
1882 3125 2062 3163 Hucusque
2089 3123 2299 3164 progressis,
2322 3122 2422 3154 facile
2449 3123 2513 3154 fuit
2537 3123 2604 3155 ista

1522 3168 1701 3201 restituere

1965 3214 2131 3245 tentemus
2154 3211 2280 3244 adorti.
