2892 3840
927 416 1432 455 ·sx1.vanum
1498 406 1661 455 Lln.
1729 405 1788 456 V.

264 526 365 576 Fas
389 527 626 589 junxisse
659 543 864 587 manus,
900 537 953 577 et
984 529 1074 577 lex
1107 543 1427 595 quaecunque
1455 538 1705 595 sequatur.

262 614 335 663 At
359 630 453 665 vos
487 616 778 665 umbrarum
805 634 949 681 reges
963 653 978 677 ,
1018 619 1324 682 Ennaeaque
1351 617 1483 666 Juno

262 703 348 768 (Si
377 704 630 752 laudanda
662 711 866 772 precor)
915 707 1089 755 taedas
1120 708 1342 765 auferte,
1380 722 1642 772 comasque

258 792 623 841 Eumenidum:
651 795 787 842 nullo
826 802 972 851 sonet
1001 811 1149 861 asper
1170 798 1360 859 janitor
1397 812 1508 844 ore:

262 879 659 946 Centaurusque,
693 883 997 948 Hydraeque
1026 901 1224 948 greges,
1259 886 1583 951 Scyllaeaque
1616 893 1842 935 monstra

260 968 486 1018 Aversae
518 972 679 1018 celent
706 974 897 1032 valles;
929 974 1256 1039 umbramque
1290 977 1501 1024 senilem

255 1058 441 1106 Invitet
469 1060 618 1121 ripis,
654 1059 878 1107 discussa
909 1061 1081 1124 plebe,
1113 1067 1359 1126 supremis

258 1146 467 1204 Vector,
504 1154 556 1193 et
581 1148 636 1192 in
671 1148 840 1195 media
869 1156 1136 1212 componat
1166 1151 1384 1196 molliter
1413 1152 1540 1212 alga.

256 1235 355 1291 Ite,
388 1236 462 1298 pii
492 1235 693 1293 Manes,
723 1236 1023 1300 Graiumque
1056 1239 1296 1285 examina
1326 1246 1520 1295 vatum,

254 1323 596 1388 Illustremque
627 1327 847 1373 animam
878 1325 1114 1373 Lethaeis
1144 1328 1360 1389 spargite
1397 1327 1560 1385 sertis,

254 1411 322 1458 Et
351 1420 627 1459 monstrate
657 1428 859 1471 nemus,
896 1429 993 1477 quo
1022 1415 1159 1461 nulla
1190 1415 1372 1478 irrupit
1403 1417 1641 1477 Erinnys,

253 1500 311 1546 In
341 1515 438 1563 quo
472 1501 600 1549 falsa
634 1502 766 1559 dies,
801 1503 1033 1565 caeloque
1069 1503 1351 1550 simillimus
1383 1506 1483 1550 aer.

252 1588 374 1636 Inde
404 1596 573 1636 tamen
606 1594 782 1640 venias
816 1569 1023 1648 melior,
1053 1587 1150 1654 qua
1185 1599 1329 1655 porta
1359 1592 1634 1654 malignum

253 1675 449 1725 Cornea
476 1680 636 1727 vincit
667 1680 815 1738 ebur,
849 1681 1108 1743 somnique
1139 1681 1194 1727 in
1224 1682 1444 1743 imagine
1477 1689 1704 1730 monstra

254 1764 392 1824 Quae
420 1768 608 1814 solitus.
680 1768 761 1815 Sic
796 1783 936 1816 sacra
965 1769 1185 1827 Numae,
1219 1770 1443 1834 litusque
1478 1771 1711 1819 colendos

250 1854 390 1903 Mitis
422 1855 626 1903 Aricino
661 1856 883 1903 dictabat
914 1856 1150 1921 Nympha
1179 1858 1271 1905 sub
1307 1866 1476 1905 antro:

252 1944 419 2007 Scipio
451 1946 523 1992 sic
551 1945 726 2008 plenos
760 1945 907 1992 Latio
941 1944 1068 1995 Jove
1103 1946 1284 1993 ducere
1316 1961 1518 1997 somnos

254 2029 485 2080 Creditur
519 2032 756 2081 Ausoniis
769 2067 783 2092 ,
820 2042 872 2081 et
898 2049 1002 2082 non
1035 2035 1143 2082 sine
1172 2034 1405 2100 Apolline
1440 2036 1592 2097 Sylla.

1321 2317 1400 2365 lv.

860 2450 1040 2506 AD
1153 2448 1866 2510 SOMNUM.

249 2651 563 2735 ΟΒῙΜΙΝΕ
595 2698 692 2747 quo
726 2687 887 2734 merui
915 2688 1143 2750 juvenis,
1174 2687 1513 2752 placidissime
1541 2688 1734 2751 divum,

250 2768 424 2828 Quove
453 2785 618 2818 errore
648 2774 826 2831 miser,
855 2774 1000 2824 donis
1034 2785 1093 2824 ut
1124 2779 1259 2827 solus
1294 2793 1493 2840 egerem

246 2858 459 2917 Somne,
491 2859 622 2908 tuis?
651 2867 784 2908 tacet
810 2875 958 2910 omne
993 2880 1170 2928 pecus,
1203 2867 1555 2931 volucresque,
1590 2868 1840 2935 feraeque,

243 2946 314 2996 Et
346 2947 585 2997 simulant
615 2949 776 2998 fessos
810 2959 1016 3002 curvata
1049 2953 1304 3002 cacumina
1336 2969 1565 3005 somnos:

335 3199 376 3230 V.
399 3199 481 3231 27⁷.
509 3198 609 3239 Vulg.
635 3199 889 3236 mxu-,Aqua-

2404 415 2497 465 151

2390 1341 2491 1387 285
