2892 3840
371 390 474 439 228
917 413 919 415 ·
1232 387 1420 438 Nom:
1455 399 1524 434 AD
1557 385 1664 434 Lm.
1693 384 1749 432 II.
1785 386 1831 431 2.
1857 376 1862 381 ”

378 518 490 549 locum
517 519 719 561 Gevartius,
747 519 806 550 sed
827 517 1117 559 depravatissime,
1155 514 1312 556 adducit,
1347 514 1463 553 Papin.

379 565 474 595 Lect.
501 567 554 607 11,
582 568 617 597 9.
651 568 784 598 Seneca
809 567 910 596 Herc.
936 567 1008 595 Oet.
1036 565 1114 594 776.
1137 561 1341 601 Phryxeum
1366 570 1464 592 mare

382 612 532 643 scandit
563 611 790 652 Caphareus:
815 610 920 641 servit
943 610 1010 639 hoc
1041 610 1165 639 Austro
1190 608 1299 638 latus.

426 665 460 688 v.
492 659 548 688 77.
595 658 757 697 Armiger
787 663 857 687 nAc
891 656 1012 695 magni
1037 658 1142 694 patet
1161 653 1345 691 Hectoris]
1373 653 1465 692 Lege

380 709 464 733 nme
499 704 536 733 ut
569 703 771 743 respondeat
804 698 851 742 τῷ
893 708 988 731 1NDE.
1017 699 1130 742 §hinc
1162 702 1254 739 patet
1286 698 1465 738 Misenum,

386 750 467 779 inde
503 749 613 779 Nesis.
672 750 737 778 Pro
774 745 931 785 Euploea
954 747 1063 776 l'arm.
1092 746 1240 777 Euboia.
1267 747 1302 776 et
1325 746 1466 775 novalia

383 804 447 834 pro
475 795 637 834 Megalia.
667 795 700 822 et
724 800 822 828 mox,
844 796 939 822 tuum
963 793 1087 829 limen,
1110 802 1173 831 pro
1200 798 1281 823 tuus
1310 790 1445 822 Limon.

432 842 480 878 [v.
509 842 563 870 80.
613 840 775 877 Quaeque
799 839 895 879 ferit
924 847 1049 869 curvos
1075 844 1202 870 exerta
1227 838 1381 877 Megalia
1395 836 1467 876 flu-

387 889 481 924 ctus]
519 887 703 923 Corruptus
728 884 833 914 locus.
880 883 1017 914 Dixisse
1042 884 1157 914 debuit
1179 883 1359 923 Megaliam
1377 883 1468 924 seri-

386 934 423 961 ri
441 941 460 961 a
484 930 655 970 fluctibus,
685 939 751 960 non
777 931 890 969 ipsam
916 930 1019 960 ferire
1039 931 1170 961 ssuctus.
1198 932 1330 961 Veneta
1347 929 1466 960 habet:

475 977 637 1016 Quaeque
662 978 749 1007 serit
774 985 901 1007 curvos
926 983 1051 1009 exerta
1079 976 1238 1018 Blagalia
1251 975 1402 1017 fluctus.

381 1022 503 1052 Forte:

473 1067 635 1107 Quaeque
666 1068 797 1106 premit
821 1077 946 1099 curvos
973 1072 1119 1099 exserta
1146 1067 1302 1109 Megalia
1315 1064 1465 1107 fluctus.

381 1112 525 1143 Rutilius
546 1113 662 1143 Itiner.
688 1115 724 1153 1,
750 1114 827 1145 315.

476 1159 640 1190 Tenditur
662 1160 698 1189 in
724 1160 854 1190 medias
878 1169 974 1191 mons
1000 1158 1234 1200 Argentarius
1262 1159 1375 1190 undas

517 1204 738 1246 Ancipv'tique
765 1208 844 1247 iugo
871 1206 1009 1237 caerula
1033 1215 1115 1237 rura
1138 1213 1287 1236 PREMlT.

380 1250 439 1280 Ex
464 1252 574 1291 Aba]

429 1305 463 1326 v.
490 1300 544 1327 81.
590 1295 741 1337 Angitur
776 1305 823 1329 ΕΤ
856 1298 987 1328 domino
1026 1301 1152 1327 contra
1178 1297 1365 1327 recubante
1385 1304 1472 1335 pro-

386 1343 530 1383 outone]
562 1345 690 1374 Iterum
714 1343 789 1382 lege
815 1351 923 1374 mxc:
968 1350 1052 1373 mm:
1081 1342 1259 1381 Euploea,
1307 1349 1390 1372 mxc
1415 1341 1472 1371 Li-

385 1398 476 1419 mon.
524 1389 590 1421 Sed
617 1389 694 1427 quid
717 1390 801 1429 hoc,
828 1389 950 1420 Limon
974 1391 1120 1430 angitur
1149 1393 1357 1427 spectamus
1384 1387 1471 1418 Sur-

384 1436 525 1465 rentina
554 1435 765 1474 praetoria?
801 1444 965 1474 quaenam
995 1435 1078 1465 haec
1105 1434 1297 1466 connexio?
1343 1435 1469 1467 Saltem

386 1480 501 1510 debuit
532 1481 728 1519 scripsisse,
772 1480 893 1512 Limon
920 1487 1098 1512 SPECTANS
1127 1481 1339 1511 Surrentina
1359 1489 1470 1520 prae-

386 1528 479 1557 toria
502 1529 668 1566 angitur‚·
693 1527 756 1558 hoc
780 1535 899 1557 sensus
924 1527 1082 1565 postulat.
1110 1527 1212 1565 Lege,

477 1571 626 1613 Angitur
667 1579 750 1604 Hinc
795 1575 926 1604 domino
963 1577 1090 1603 contra
1122 1573 1310 1603 recubante
1341 1570 1471 1609 procul

607 1626 668 1653 Qui

483 1663 695 1695 Surrentina
717 1669 796 1695 tuus
820 1668 958 1703 spectat
979 1665 1167 1703 praetoria
1189 1661 1331 1692 Limon.-

390 1718 452 1748 per
474 1719 511 1740 se
537 1713 632 1749 patet
656 1710 858 1741 emendatio.
909 1711 975 1745 Qui
1000 1714 1158 1749 spectat,
1185 1712 1223 1738 ut
1248 1716 1345 1748 mox,
1373 1716 1467 1743 QUAE

399 1757 537 1796 ingerit.
584 1757 750 1795 Exempla
782 1755 972 1793 hujusmodi
995 1754 1242 1785 terminationis
1268 1762 1386 1784 versus
1410 1763 1471 1792 pe-

390 1803 441 1831 tas
476 1811 520 1833 ex
551 1803 701 1840 Bentlejo
741 1803 783 1832 ad
814 1803 930 1831 Horat.
963 1802 1070 1832 Serm.
1107 1802 1144 1840 1,
1173 1802 1206 1830 4.
1236 1809 1267 1830 v.
1296 1802 1371 1830 110.
1414 1799 1472 1830 ubi

390 1857 453 1886 pro
478 1856 597 1883 UTQUE
623 1848 704 1887 legit
731 1855 779 1878 UT
808 1855 877 1882 Qui.

434 1903 468 1923 v.
493 1896 548 1925 83.
595 1895 669 1924 Una
702 1900 815 1925 tamen
851 1891 981 1923 cunctis
1011 1890 1142 1930 procul
1170 1891 1297 1919 eminet
1325 1899 1397 1920 una
1422 1888 1474 1920 di-

391 1938 493 1979 aetis]
534 1940 720 1978 Eleganter
752 1938 886 1978 quidem
928 1936 1094 1975 repetitur
1131 1944 1199 1966 vox
1233 1935 1365 1973 quando
1395 1945 1473 1966 cum

391 1984 628 2025 Indignatione
669 1986 726 2017 vel
770 1983 919 2024 graviori
965 1983 1077 2020 aliquo
1113 1981 1215 2012 animi
1252 1983 1343 2013 motu
1378 1981 1476 2020 quid-

393 2040 488 2069 quam
514 2032 699 2070 profertur:
728 2034 764 2062 ut
790 2031 877 2069 apud
904 2030 978 2060 Val.
1003 2029 1163 2060 Flaccum
1187 2029 1278 2067 VIII,
1301 2028 1357 2058 44.

484 2079 744 2119 Quinquaginta
770 2077 891 2109 Asiam
917 2074 1041 2116 (pudet
1063 2071 1170 2109 kent)
1191 2075 1394 2114 penetrarit
1416 2074 1479 2104 Ia-

609 2134 672 2155 son

484 2168 688 2201 Exulibus?
712 2179 828 2210 meque
853 2173 935 2199 ante
959 2167 1046 2198 alios
1074 2167 1126 2196 sic
1150 2167 1323 2204 spreverit
1350 2174 1430 2206 una,

486 2215 560 2246 Una
586 2219 698 2251 ratis,
723 2217 867 2255 spolium
894 2220 935 2245 ut
960 2216 1037 2244 vivo
1062 2212 1103 2242 (le
1126 2221 1205 2252 rege
1230 2210 1408 2251 reportet?

397 2259 443 2289 Et
474 2264 629 2293 nostrum
666 2261 768 2292 Theb.
805 2263 856 2301 11,
893 2262 972 2291 620.
1025 2258 1095 2291 Sed
1125 2258 1190 2289 hoc
1223 2257 1259 2287 in
1283 2258 1358 2288 loco
1382 2258 1476 2288 nullo

395 2306 524 2344 maJ’ore
557 2307 659 2339 animi
694 2308 815 2338 affectu
849 2315 933 2345 opus
955 2306 1006 2336 est
1029 2306 1146 2343 utpote
1171 2304 1206 2334 in
1233 2304 1374 2343 simplici
1399 2314 1479 2335 nar-

396 2353 538 2384 ratione.
564 2356 766 2394 Praeterea,
788 2353 954 2384 Latinitas
974 2351 1125 2390 postulat
1144 2352 1269 2381 eminet
1290 2356 1373 2381 ante
1397 2361 1481 2381 cun-

400 2403 476 2431 ctas
511 2409 581 2431 non
614 2402 749 2432 cunctis
785 2401 928 2439 eminet,
967 2398 1056 2437 quod
1090 2405 1189 2427 nemo
1212 2406 1359 2435 unquam
1384 2397 1480 2429 dixit.

397 2445 555 2477 Thebaid.
586 2449 665 2488 VII,
695 2448 773 2477 690.

485 2492 627 2524 mem
658 2500 753 2523 ANTE
777 2498 881 2523 suos
901 2490 979 2530 jam
996 2488 1274 2531 formidantibus
1299 2497 1390 2519 arva

485 2539 721 2578 Amphiaraus
745 2541 851 2580 equis.

398 2582 488 2622 Lege
514 2584 628 2626 igitur,

488 2632 574 2661 Ante
599 2637 713 2663 tamen
738 2631 875 2661 cunctas
896 2630 1027 2669 procul
1046 2631 1171 2661 eminet
1191 2637 1266 2659 una
1288 2626 1418 2658 diaetas

490 2678 588 2715 Quae
609 2679 675 2708 tibi
696 2678 758 2707 etc.
1199 2680 1203 2683 ’

399 2719 482 2753 nihil
506 2722 630 2754 verius.
653 2723 784 2762 procul
806 2723 949 2757 eminet,
974 2721 1013 2751 ut
1038 2719 1139 2750 Theb.
1162 2719 1231 2759 lv,
1251 2718 1332 2748 221.

637 2769 758 2808 procul
781 2769 857 2807 ipse
877 2770 984 2808 gravi
1005 2765 1203 2797 metuendus
1227 2765 1263 2794 in
1282 2759 1417 2795 basta!

488 2814 636 2846 Eminet.

401 2859 559 2901 Virgilius
582 2862 667 2892 Aen.
695 2861 763 2900 III,
790 2861 868 2892 321.

494 2906 523 2937 0
539 2908 640 2948 felix
662 2917 732 2938 una
752 2908 830 2936 ante
858 2904 942 2936 alias
965 2905 1147 2937 Priameia
1166 2908 1288 2947 virgo;

401 2955 506 2985 Iterat
531 2953 592 2985 hoc
620 2951 841 2984 hemistichon
867 2951 968 2983 Theb.
990 2954 1054 2992 VI,
1081 2952 1162 2984 431.

493 3001 582 3031 Ante
607 3001 719 3031 tamen
744 3000 883 3029 cunctos
908 3000 1084 3040 sequitur,
1119 2999 1282 3040 longeque
1308 2996 1480 3029 secundus

492 3044 727 3085 Amphiaraus
751 3048 836 3086 agit.

406 3090 486 3120 Silv.
514 3092 585 3130 111,
610 3094 644 3124 2.

498 3135 547 3166 Tu
568 3139 679 3168 tamen
707 3138 785 3168 ante
809 3144 925 3167 omnes
944 3137 1026 3168 diva
1044 3145 1120 3167 cum
1140 3138 1254 3167 matre
1279 3134 1481 3174 Palaemon,

490 3181 622 3213 Annua.

406 3225 500 3257 Vei-s.
526 3228 580 3257 85.
610 3236 669 3266 pro
692 3229 831 3258 desecta
853 3226 943 3257 Edit.
973 3227 1083 3257 Parm-
1112 3227 1146 3256 et
1169 3226 1262 3257 Rom.
1282 3225 1408 3258 habent
1427 3225 1481 3256 de-

1533 513 1653 544 lecta?
1681 510 1717 541 θῐ
1742 518 1804 549 1)Υο
1829 514 1925 545 QUOT
1951 507 2049 540 ane
2074 511 2110 542 01
2130 520 2226 548 QUDT
2249 522 2382 549 moesta
2403 517 2497 549 Rom.
2516 517 2617 548 habet

1534 565 1653 594 quon:
1680 558 1786 587 recte.
1812 555 1861 586 ita
1881 563 1975 595 moX,
1999 563 2032 587 v,
2057 558 2111 588 91.
2140 555 2243 594 Quoi)
2268 563 2360 594 viret
2380 562 2415 593 id
2444 565 2495 594 est
2517 566 2614 604 quic-

1535 605 1636 645 quid,
1675 608 1851 643 quantum.
1885 601 1958 632 Cal.
1990 600 2074 633 Dee.
2103 611 2200 639 ouon
2225 610 2337 639 ramis
2355 610 2421 648 pia
2440 611 2617 650 germinat

1535 651 1749 681 Damascus.

1580 705 1613 727 v,
1642 696 1699 726 93.
1745 695 1796 726 Et
1822 693 1977 734 gaudens
1991 690 2130 732 fluctus
2157 696 2310 734 spectare
2339 699 2520 738 Carystos]
2550 702 2616 730 Ca-

1535 747 1652 782 rystos
1682 741 1746 771 hoc
1781 741 1857 771 loco
1885 738 2023 777 ponitur
2046 749 2109 778 pro
2135 751 2306 773 marmore
2329 744 2514 784 Carystio.-
2536 745 2614 775 vide

1537 797 1622 827 quae
1654 786 1770 818 notavi
1802 786 1845 816 ad
1877 786 1971 816 Baln.
2010 786 2144 817 Etrusc.
2180 797 2211 818 v.
2242 788 2296 819 34.
2353 790 2420 820 Sed
2449 791 2614 829 quomodo

1537 833 1725 874 carystium
1755 840 1903 862 marmor
1933 831 2058 870 gaudet
2091 839 2252 872 spectare
2284 834 2430 866 fluctuat
2474 834 2548 874 quis
2578 837 2615 868 in

1537 881 1589 910 his
1623 879 1764 909 sensus?
1805 877 1872 908 Diu
1897 880 1949 907 est
1973 878 2062 916 quod
2088 879 2218 917 conjeci
2244 880 2422 919 legendum
2446 889 2542 922 esse,
2583 887 2615 913 el

1535 927 1691 968 gaudens
1723 923 1862 965 fluctus
1895 932 2043 962 aequare
2086 927 2264 965 Carystos.
2298 928 2497 968 subnigram
2528 926 2617 958 enim

1538 981 1685 1003 marmor
1721 969 1921 1009 carystium.
1957 970 2041 1001 Vide
2074 979 2177 1010 supra
2209 972 2346 1003 citatum
2374 974 2484 1004 locum
2524 973 2616 1004 Baln.

1538 1019 1672 1050 Etrusc.
1719 1018 1764 1048 Et
1797 1016 1845 1047 ita
1878 1015 1968 1046 hunc
2000 1017 2112 1048 locum
2137 1018 2220 1057 legit
2243 1019 2427 1051 Salmasius
2451 1019 2493 1050 ad
2517 1019 2619 1058 Capi--

1538 1065 1682 1098 tolinum
1717 1073 1749 1102 p.
1779 1063 1855 1094 129.
1874 1063 2030 1102 gaudens
2049 1073 2202 1104 aequare
2228 1067 2278 1096 est
2306 1074 2477 1106 aequans,
2504 1067 2541 1095 ut
2567 1066 2621 1096 fu-

1539 1112 1609 1143 sius
1645 1109 1762 1141 notavi
1797 1109 1841 1139 ad
1874 1108 2040 1139 Tibul-tin.
2074 1110 2208 1149 Vopisc.
2234 1120 2268 1142 v.
2300 1113 2354 1143 56.
2381 1119 2530 1150 aequans
2556 1111 2620 1142 flu-

1539 1161 1612 1190 ctus
1635 1166 1681 1188 sc.
1706 1156 1882 1195 marinos,
1906 1157 1944 1184 ut
1968 1165 2100 1196 aequus
2117 1155 2289 1196 fluctibus
2313 1157 2489 1196 Asterion,
2515 1157 2617 1189 Theb.

1537 1207 1581 1236 lv
1594 1204 1708 1246 ,2714
1730 1200 1890 1240 Virgilius
1914 1201 1968 1238 X,
1988 1203 2066 1233 248,

1633 1249 1739 1280 Ocior
1766 1253 1800 1278 et
1816 1247 1939 1285 jaculo
1963 1253 1998 1278 et
2021 1249 2141 1279 ventos
2160 1249 2326 1287 aequante
2352 1251 2495 1290 sagitta.

1540 1297 1663 1327 ventos
1688 1296 1875 1333 aequante,
1923 1301 1969 1323 sc.
2002 1294 2191 1325 celeritate.
2247 1295 2345 1325 Potes
2367 1299 2482 1326 tamen
2501 1294 2620 1326 melius

1540 1343 1677 1382 legere,
1704 1339 1823 1381 fluctu
1849 1344 2010 1370 certare:
2051 1342 2085 1370 et
2108 1339 2155 1370 ita
2174 1338 2297 1370 ibidem
2321 1341 2403 1380 legit
2429 1341 2517 1372 idem
2547 1341 2621 1374 Sal-

1538 1388 1687 1419 masius:
1714 1390 1752 1418 ut
1774 1385 1857 1418 silv.
1882 1386 1950 1425 IV,
1974 1386 2008 1416 2.

1816 1436 1850 1461 et
1869 1432 2000 1473 glauca
2017 1430 2182 1462 certantia
2205 1430 2334 1462 Doride
2361 1441 2467 1473 saxa,

1540 1481 1581 1510 de
1607 1480 1671 1510 hoc
1698 1486 1876 1511 marmore.
1925 1477 2097 1508 Utrumvis
2118 1479 2258 1516 probum
2284 1480 2355 1518 est,
2383 1482 2417 1510 et
2441 1477 2619 1517 utriusque

1539 1526 1696 1564 exempla
1729 1523 1838 1555 obvia.
1894 1522 1977 1554 Mihi
2011 1526 2122 1555 tamen
2150 1524 2256 1563 magis
2280 1524 2394 1562 placet
2407 1523 2526 1565 fluctu
2549 1533 2622 1555 cer-

1538 1578 1616 1604 tare
1642 1580 1738 1610 quam
1758 1568 1895 1609 fluctus
1920 1578 2091 1610 aequare,
2116 1570 2194 1608 quia
2219 1569 2329 1601 minor
2350 1573 2401 1601 est
2420 1569 2561 1603 mutatio
2585 1569 2621 1600 in

1538 1618 1597 1649 illa
1624 1626 1724 1656 quam
1748 1615 1784 1646 in
1808 1616 1869 1645 hac
1892 1614 2070 1653 scriptura.
2093 1616 2193 1646 Theb.
2218 1617 2270 1655 II,
2301 1618 2380 1647 216.

1815 1661 1903 1692 vivis
1928 1662 2093 1692 certantia
2118 1661 2264 1692 vultibus
2288 1671 2387 1693 aera.

1538 1709 1620 1740 Silv.
1652 1709 1707 1737 IV.
1732 1709 1765 1737 6.

1636 1753 1794 1792 Vinaque
1819 1754 1970 1783 centenis
1993 1763 2079 1784 aevo
2102 1752 2266 1783 certantia
2288 1753 2400 1785 fastis:

1541 1799 1591 1830 ita
1616 1799 1793 1837 legendum
1823 1807 1897 1828 esse
1912 1821 1921 1838 ‚
1945 1807 2015 1828 non
2034 1800 2233 1840 perpetuis,
2257 1799 2299 1829 ad
2322 1800 2434 1831 locum
2462 1798 2620 1838 probabo.

1541 1845 1602 1877 Sil.
1638 1844 1776 1875 Italicus
1794 1844 1902 1875 XVII.
1925 1845 2002 1876 323.

1895 1891 1987 1931 visti,
2013 1889 2179 1920 certantia
2205 1890 2300 1921 caelo

1639 1937 1721 1966 Cum
1739 1935 1829 1975 juga
1857 1936 2045 1972 calcastis,
2080 1946 2230 1967 sunzmas
2253 1937 2400 1967 volitare
2419 1944 2484 1975 per
2505 1934 2622 1976 Alpes.

1544 1982 1712 2021 Exempla
1739 1981 1875 2020 ubique.
1899 1984 1995 2013 Vers.
2019 1983 2074 2015 95,
2101 1982 2216 2013 Graia
2237 1992 2350 2013 arva.-
2376 1981 2426 2012 ita
2450 1983 2544 2013 recte
2566 1990 2624 2013 re-

1546 2028 1657 2059 stituit
1691 2028 1871 2058 Gevartius
1903 2037 1965 2067 pro
1994 2035 2111 2069 grata.
2158 2029 2336 2068 Neapolim
2365 2027 2524 2059 Graecae
2549 2036 2625 2059 esse

1547 2073 1688 2114 originis
1726 2073 1879 2104 omnibus
1919 2077 2057 2106 notum:
2095 2074 2172 2105 vide
2205 2077 2403 2107 Strabonem
2436 2075 2494 2106 lib.
2531 2076 2566 2105 V.
2592 2083 2622 2113 p.

1550 2124 1626 2152 170.
1652 2120 1708 2150 ubi
1737 2123 1853 2151 narrat
1877 2121 1978 2151 etiam
2005 2121 2045 2151 ad
2070 2130 2131 2152 sua
2148 2124 2300 2162 tempora
2319 2121 2459 2152 durasse
2480 2119 2626 2160 plurima

1547 2168 1751 2198 Graecorum
1779 2166 2008 2198 institutorum
2044 2167 2207 2207 vestigia:
2252 2168 2342 2199 unde
2368 2168 2518 2203 Graiam
2535 2168 2624 2198 Par-

1546 2213 1714 2253 thenopen
1755 2214 1857 2244 vocat
1888 2214 1947 2246 Sil.
1983 2213 2119 2244 Italicus
2149 2216 2247 2248 vlu,
2285 2214 2362 2246 534.
2414 2214 2493 2246 Pari
2524 2214 2623 2246 modo

1545 2260 1765 2300 depravatum
1789 2262 1870 2299 puto
1893 2259 2069 2300 Virgilium
2093 2260 2212 2292 culice
2231 2269 2263 2293 v.
2290 2262 2345 2291 05.

1983 2317 2047 2337 nec
2065 2307 2196 2346 pocula
2217 2307 2350 2346 gratum

1635 2351 1778 2381 Alconis
1803 2352 1982 2393 referent,
2005 2353 2170 2394 Boetique
2190 2359 2368 2384 toreuma:

1547 2395 1633 2439 yubi
1670 2397 1848 2436 legendum
1884 2401 1966 2436 puto
2002 2399 2147 2430 Graium
2173 2404 2352 2430 toreuma.-
2393 2396 2428 2427 et
2450 2395 2622 2437 referunt,

1547 2446 1586 2474 ut
1624 2445 1725 2482 paulo
1762 2445 1841 2474 ante
1871 2446 1986 2484 tangit
2012 2447 2047 2475 et
2078 2451 2206 2476 manet.
2251 2443 2408 2483 Sequitur
2432 2442 2518 2481 apud
2545 2443 2623 2473 Sta-

1546 2490 1629 2520 tium
1643 2513 1652 2531 ,
1693 2499 1756 2520 nec
1783 2491 1964 2520 invideant
1984 2501 2071 2531 quae
2093 2495 2128 2521 te
2149 2499 2299 2531 genuere
2328 2491 2506 2520 DicAncm
2531 2487 2624 2518 Moe-

1548 2538 1618 2567 nia.
1671 2536 1833 2566 Puteolos
1865 2534 2045 2577 intelligit,
2089 2535 2144 2575 qui
2172 2536 2250 2566 olim
2274 2535 2353 2566 dicti
2378 2537 2476 2566 erant
2499 2535 2624 2566 Dicae-

1547 2582 1684 2621 archia,
1706 2581 1845 2612 Graecis
1863 2578 2089 2624 Δικαιάρχεια
2110 2580 2373 2624 οῐΔικαιιιρχὶα.
2391 2582 2534 2612 Festus:
2563 2579 2625 2610 Di-

1548 2627 1726 2658 caearchia
1750 2627 1947 2657 vocabatur
1968 2638 2056 2668 quae
2080 2637 2174 2658 nunc
2201 2627 2351 2664 Puteoli3
2395 2628 2486 2668 quod
2506 2637 2551 2658 ea
2573 2627 2621 2657 ci-

1545 2676 1639 2705 vitas
1674 2673 1842 2713 quondam
1869 2671 2064 2710 ,ἰαπίεείηιε
2099 2675 2292 2714 regebatur.
2339 2673 2488 2712 Statius,
2529 2682 2624 2706 more

1544 2720 1720 2759 poetarum
1766 2718 1803 2748 in
1836 2719 1981 2758 propriis
2011 2719 2203 2751 nominibus
2233 2720 2405 2758 locorum,
2449 2719 2545 2751 elidit
2575 2719 2627 2751 di-

1544 2766 1750 2805 phthongum
1772 2775 1837 2801 ae,
1862 2765 1956 2803 quasi
1980 2768 2069 2797 esset
2094 2766 2303 2797 Dic-archia.
2338 2765 2432 2797 Unde
2455 2775 2540 2799 vero
2563 2767 2627 2800 Dl-

1547 2812 1702 2842 cAncm?
1725 2811 1788 2841 hoc
1810 2810 1898 2841 enim
1925 2813 2013 2843 omni
2041 2812 2217 2850 analogiae
2241 2813 2429 2851 repugnat:
2457 2812 2523 2844 nisi
2549 2821 2626 2851 pro·

1546 2857 1620 2889 bari
1642 2859 1755 2896 posset
1778 2866 1799 2887 a
1820 2858 2000 2889 Dicarcho
2019 2858 2134 2897 aliquo
2154 2858 2239 2889 hanc
2259 2860 2375 2889 urbem
2394 2868 2517 2890 nomen
2536 2868 2625 2891 sum·

1548 2903 1653 2934 sisse:
1679 2904 1735 2934 vel
1762 2902 1827 2933 nisi
1861 2903 1944 2934 haec
1969 2906 2050 2936 urbs
2076 2907 2257 2936 vocaretur
2282 2904 2535 2943 Dz'carchium5
2557 2915 2622 2944 quo

1548 2950 1648 2989 pacto
1685 2948 1861 2980 Dicarchi
1890 2950 1971 2988 poni
2008 2954 2123 2990 posset
2153 2960 2215 2990 pro
2244 2951 2446 2990 Dic-arelefi,
2487 2952 2526 2982 ut
2548 2950 2624 2982 Vir-

1547 2996 1648 3035 gilius
1683 2994 1770 3026 dixit
1801 2995 1918 3026 urbem
1952 2997 2088 3029 Patavi
2120 3006 2183 3036 pro
2208 2997 2361 3027 Patavii.
2405 2995 2543 3026 Minime
2564 2997 2626 3027 du-

1547 3042 1617 3073 bito
1645 3042 1725 3080 quin
1749 3040 1876 3073 Statius
1911 3043 2084 3082 scripserit
2108 3050 2312 3074 DlCAchAE
2336 3043 2488 3083 moena'ar,
2533 3043 2626 3074 elisis

1548 3088 1678 3120 duabus
1711 3087 1946 3128 diphthongis,
1994 3090 2088 3128 quasi
2114 3090 2203 3120 esset
2226 3087 2430 3126 Dic-archa,
2469 3086 2626 3130 Δι’κηρχα

1546 3136 1605 3166 vel
1625 3131 1794 3177 Δικᾶρχη,
1822 3142 1892 3164 non
1916 3131 2153 3178 Λικαιᾶρχεια.
2176 3133 2353 3166 Ρθῐτοηὶιη
2373 3134 2472 3164 voest
2496 3133 2628 3166 Dicar.

1550 3181 1672 3217 cnido,
1697 3180 1814 3211 eadem
1840 3178 2001 3210 elisione:

1639 3226 1881 3262 Parthenopen
1909 3227 2002 3256 inter
2021 3232 2231 3265 magnaeque
2255 3221 2474 3261 Dicarchidos
2497 3234 2602 3263 arva,

2388 403 2483 453 5191
2516 365 2643 454 992>
