<?xml version="1.0" encoding="UTF-8"?>
<!DOCTYPE html PUBLIC "-//W3C//DTD XHTML 1.0 Transitional//EN"
    "http://www.w3.org/TR/xhtml1/DTD/xhtml1-transitional.dtd">
<html xmlns="http://www.w3.org/1999/xhtml" xml:lang="en" lang="en">
 <head>
  <title>
</title>
<meta http-equiv="Content-Type" content="text/html;charset=utf-8" />
  <meta name='ocr-system' content='tesseract 3.04.00' />
  <meta name='ocr-capabilities' content='ocr_page ocr_carea ocr_par ocr_line ocrx_word'/>
</head>
<body>
  <div class='ocr_page' id='page_1' title='image "./ppapiniistatiili00statuoft_0058.png"; bbox 0 0 2892 3840; ppageno 0'>
   <div class='ocr_carea' id='block_1_1' title="bbox 1242 0 2889 395">
    <p class='ocr_par' dir='ltr' id='par_1_1' title="bbox 1242 0 2889 395">
     <span class='ocr_line' id='line_1_1' title="bbox 1242 0 2889 395; baseline 0 3445"><span class='ocrx_word' id='word_1_1' title='bbox 1242 0 2889 395; x_wconf 95' lang='lat' dir='ltr'><strong> </strong></span> 
     </span>
    </p>
   </div>
   <div class='ocr_carea' id='block_1_2' title="bbox 415 433 2034 517">
    <p class='ocr_par' dir='ltr' id='par_1_2' title="bbox 415 433 2034 517">
     <span class='ocr_line' id='line_1_2' title="bbox 415 433 2034 517; baseline 0.004 -6"><span class='ocrx_word' id='word_1_2' title='bbox 415 465 482 511; x_wconf 79' lang='lat'><strong>22</strong></span> <span class='ocrx_word' id='word_1_3' title='bbox 1131 476 1176 512; x_wconf 87' lang='lat' dir='ltr'><strong>P.</strong></span> <span class='ocrx_word' id='word_1_4' title='bbox 1247 433 2034 517; x_wconf 50' lang='lat' dir='ltr'><strong>PAPrwll&#39;ssTaw‘u</strong></span> 
     </span>
    </p>
   </div>
   <div class='ocr_carea' id='block_1_3' title="bbox 358 583 2677 3081">
    <p class='ocr_par' dir='ltr' id='par_1_3' title="bbox 412 583 2677 741">
     <span class='ocr_line' id='line_1_3' title="bbox 413 583 2677 655; baseline 0 -20"><span class='ocrx_word' id='word_1_5' title='bbox 413 586 626 652; x_wconf 79' lang='lat' dir='ltr'>Plectra)</span> <span class='ocrx_word' id='word_1_6' title='bbox 655 601 748 634; x_wconf 89' lang='lat' dir='ltr'><strong>nec</strong></span> <span class='ocrx_word' id='word_1_7' title='bbox 775 586 966 634; x_wconf 88' lang='lat' dir='ltr'><strong>Aonias</strong></span> <span class='ocrx_word' id='word_1_8' title='bbox 999 586 1195 634; x_wconf 87' lang='lat' dir='ltr'><strong>decima</strong></span> <span class='ocrx_word' id='word_1_9' title='bbox 1229 597 1343 634; x_wconf 85' lang='lat' dir='ltr'><strong>cum</strong></span> <span class='ocrx_word' id='word_1_10' title='bbox 1375 583 1580 636; x_wconf 72' lang='lat' dir='ltr'><strong>Pallade</strong></span> <span class='ocrx_word' id='word_1_11' title='bbox 1611 585 1774 646; x_wconf 73' lang='lat' dir='ltr'><strong>divaS,</strong></span> <span class='ocrx_word' id='word_1_12' title='bbox 2044 605 2056 613; x_wconf 52' lang='grc'><em>“</em></span> <span class='ocrx_word' id='word_1_13' title='bbox 2225 631 2249 655; x_wconf 23' lang='grc' dir='ltr'><strong>Δ,</strong></span> <span class='ocrx_word' id='word_1_14' title='bbox 2275 620 2295 646; x_wconf 66' lang='grc'><em>,</em></span> <span class='ocrx_word' id='word_1_15' title='bbox 2598 599 2677 650; x_wconf 63' lang='lat'><strong>20</strong></span> 
     </span>
     <span class='ocr_line' id='line_1_4' title="bbox 412 677 1855 741; baseline 0.002 -14"><span class='ocrx_word' id='word_1_16' title='bbox 412 678 518 728; x_wconf 90' lang='lat' dir='ltr'><strong>Aut</strong></span> <span class='ocrx_word' id='word_1_17' title='bbox 547 680 725 727; x_wconf 89' lang='lat' dir='ltr'><strong>mitem</strong></span> <span class='ocrx_word' id='word_1_18' title='bbox 754 678 948 740; x_wconf 85' lang='lat' dir='ltr'><strong>Tegeae</strong></span> <span class='ocrx_word' id='word_1_19' title='bbox 963 712 975 735; x_wconf 92' lang='lat'><strong>,</strong></span> <span class='ocrx_word' id='word_1_20' title='bbox 1003 677 1245 728; x_wconf 85' lang='lat' dir='ltr'><strong>Dircesve</strong></span> <span class='ocrx_word' id='word_1_21' title='bbox 1282 677 1522 726; x_wconf 87' lang='lat' dir='ltr'><strong>hortabor</strong></span> <span class='ocrx_word' id='word_1_22' title='bbox 1554 678 1814 729; x_wconf 87' lang='lat' dir='ltr'><strong>alumnum</strong></span> <span class='ocrx_word' id='word_1_23' title='bbox 1822 696 1855 741; x_wconf 70' lang='lat'><strong>3,</strong></span> 
     </span>
    </p>

    <p class='ocr_par' dir='ltr' id='par_1_4' title="bbox 412 769 1809 835">
     <span class='ocr_line' id='line_1_5' title="bbox 412 769 1809 835; baseline 0.001 -17"><span class='ocrx_word' id='word_1_24' title='bbox 412 770 525 835; x_wconf 87' lang='lat' dir='ltr'><strong>Ipse</strong></span> <span class='ocrx_word' id='word_1_25' title='bbox 557 770 702 827; x_wconf 90' lang='lat' dir='ltr'><strong>veni,</strong></span> <span class='ocrx_word' id='word_1_26' title='bbox 737 769 970 830; x_wconf 90' lang='lat' dir='ltr'><strong>viresque</strong></span> <span class='ocrx_word' id='word_1_27' title='bbox 1001 782 1161 816; x_wconf 83' lang='lat' dir='ltr'><strong>novas</strong></span> <span class='ocrx_word' id='word_1_28' title='bbox 1197 769 1520 833; x_wconf 84' lang='lat' dir='ltr'><strong>animumque</strong></span> <span class='ocrx_word' id='word_1_29' title='bbox 1560 770 1809 830; x_wconf 86' lang='lat' dir='ltr'><strong>ministra,</strong></span> 
     </span>
    </p>

    <p class='ocr_par' dir='ltr' id='par_1_5' title="bbox 415 858 1863 919">
     <span class='ocr_line' id='line_1_6' title="bbox 415 858 1863 919; baseline 0.001 -12"><span class='ocrx_word' id='word_1_30' title='bbox 415 859 513 919; x_wconf 79' lang='lat' dir='ltr'><strong>Qui</strong></span> <span class='ocrx_word' id='word_1_31' title='bbox 542 860 754 907; x_wconf 83' lang='lat' dir='ltr'><strong>cancris:</strong></span> <span class='ocrx_word' id='word_1_32' title='bbox 789 858 973 904; x_wconf 82' lang='lat' dir='ltr'><strong>dextro</strong></span> <span class='ocrx_word' id='word_1_33' title='bbox 1003 872 1096 904; x_wconf 92' lang='lat' dir='ltr'><strong>nec</strong></span> <span class='ocrx_word' id='word_1_34' title='bbox 1132 858 1268 907; x_wconf 91' lang='lat' dir='ltr'><strong>enim</strong></span> <span class='ocrx_word' id='word_1_35' title='bbox 1306 859 1415 906; x_wconf 88' lang='lat' dir='ltr'><strong>sine</strong></span> <span class='ocrx_word' id='word_1_36' title='bbox 1450 860 1658 906; x_wconf 91' lang='lat' dir='ltr'><strong>numine</strong></span> <span class='ocrx_word' id='word_1_37' title='bbox 1691 867 1863 908; x_wconf 83' lang='lat' dir='ltr'><strong>tantus</strong></span> 
     </span>
    </p>

    <p class='ocr_par' dir='ltr' id='par_1_6' title="bbox 413 946 2184 1017">
     <span class='ocr_line' id='line_1_7' title="bbox 413 946 2184 1017; baseline 0 -18"><span class='ocrx_word' id='word_1_38' title='bbox 413 950 669 999; x_wconf 83' lang='lat' dir='ltr'><strong>Ausoniae</strong></span> <span class='ocrx_word' id='word_1_39' title='bbox 697 947 878 995; x_wconf 89' lang='lat' dir='ltr'><strong>decora</strong></span> <span class='ocrx_word' id='word_1_40' title='bbox 911 946 1079 1011; x_wconf 90' lang='lat' dir='ltr'><strong>ampla</strong></span> <span class='ocrx_word' id='word_1_41' title='bbox 1105 953 1281 1008; x_wconf 87' lang='lat' dir='ltr'><strong>togae,</strong></span> <span class='ocrx_word' id='word_1_42' title='bbox 1308 955 1606 1013; x_wconf 82' lang='lat' dir='ltr'><strong>centumque</strong></span> <span class='ocrx_word' id='word_1_43' title='bbox 1637 949 1825 999; x_wconf 87' lang='lat' dir='ltr'><strong>dedisti</strong></span> <span class='ocrx_word' id='word_1_44' title='bbox 2182 1015 2184 1017; x_wconf 21' lang='grc' dir='ltr'>Ι</span> 
     </span>
    </p>

    <p class='ocr_par' dir='ltr' id='par_1_7' title="bbox 411 1037 2671 1192">
     <span class='ocr_line' id='line_1_8' title="bbox 412 1037 2671 1101; baseline 0 -12"><span class='ocrx_word' id='word_1_45' title='bbox 412 1039 442 1088; x_wconf 85' lang='lat' dir='ltr'>J</span> <span class='ocrx_word' id='word_1_46' title='bbox 447 1041 663 1088; x_wconf 91' lang='lat' dir='ltr'><strong>udicium</strong></span> <span class='ocrx_word' id='word_1_47' title='bbox 697 1044 1044 1101; x_wconf 79' lang='lat' dir='ltr'><strong>mentemque,</strong></span> <span class='ocrx_word' id='word_1_48' title='bbox 1083 1037 1222 1086; x_wconf 88' lang='lat' dir='ltr'><strong>viris.</strong></span> <span class='ocrx_word' id='word_1_49' title='bbox 1292 1037 1411 1086; x_wconf 91' lang='lat' dir='ltr'><strong>licet</strong></span> <span class='ocrx_word' id='word_1_50' title='bbox 1446 1039 1630 1088; x_wconf 87' lang='lat' dir='ltr'><strong>enthea</strong></span> <span class='ocrx_word' id='word_1_51' title='bbox 1660 1041 1795 1090; x_wconf 78' lang='lat' dir='ltr'><strong>vatis</strong></span> <span class='ocrx_word' id='word_1_52' title='bbox 2598 1049 2671 1095; x_wconf 74' lang='lat'><strong>225</strong></span> 
     </span>
     <span class='ocr_line' id='line_1_9' title="bbox 411 1127 1659 1192; baseline -0.001 -14"><span class='ocrx_word' id='word_1_53' title='bbox 411 1128 667 1178; x_wconf 82' lang='lat' dir='ltr'><strong>Excludat</strong></span> <span class='ocrx_word' id='word_1_54' title='bbox 697 1127 923 1192; x_wconf 84' lang='lat' dir='ltr'><strong>Pimplea</strong></span> <span class='ocrx_word' id='word_1_55' title='bbox 954 1128 1120 1186; x_wconf 86' lang='lat' dir='ltr'><strong>sitim,</strong></span> <span class='ocrx_word' id='word_1_56' title='bbox 1154 1142 1247 1176; x_wconf 91' lang='lat' dir='ltr'><strong>nec</strong></span> <span class='ocrx_word' id='word_1_57' title='bbox 1279 1130 1478 1177; x_wconf 86' lang='lat' dir='ltr'><strong>conscia</strong></span> <span class='ocrx_word' id='word_1_58' title='bbox 1511 1129 1659 1177; x_wconf 88' lang='lat' dir='ltr'><strong>detur</strong></span> 
     </span>
    </p>

    <p class='ocr_par' dir='ltr' id='par_1_8' title="bbox 412 1218 1721 1284">
     <span class='ocr_line' id='line_1_10' title="bbox 412 1218 1721 1284; baseline -0.001 -16"><span class='ocrx_word' id='word_1_59' title='bbox 412 1222 619 1277; x_wconf 87' lang='lat' dir='ltr'><strong>Pirene,</strong></span> <span class='ocrx_word' id='word_1_60' title='bbox 651 1218 814 1281; x_wconf 87' lang='lat' dir='ltr'><strong>largos</strong></span> <span class='ocrx_word' id='word_1_61' title='bbox 850 1219 1016 1284; x_wconf 82' lang='lat' dir='ltr'><strong>potior</strong></span> <span class='ocrx_word' id='word_1_62' title='bbox 1053 1219 1179 1267; x_wconf 83' lang='lat' dir='ltr'><strong>mihi</strong></span> <span class='ocrx_word' id='word_1_63' title='bbox 1213 1234 1391 1283; x_wconf 84' lang='lat' dir='ltr'><strong>gurges</strong></span> <span class='ocrx_word' id='word_1_64' title='bbox 1421 1221 1477 1267; x_wconf 89' lang='lat' dir='ltr'><strong>in</strong></span> <span class='ocrx_word' id='word_1_65' title='bbox 1510 1219 1721 1268; x_wconf 86' lang='lat' dir='ltr'><strong>haustus</strong></span> 
     </span>
    </p>

    <p class='ocr_par' dir='ltr' id='par_1_9' title="bbox 414 1308 1673 1374">
     <span class='ocr_line' id='line_1_11' title="bbox 414 1308 1673 1374; baseline -0.002 -16"><span class='ocrx_word' id='word_1_66' title='bbox 414 1311 511 1370; x_wconf 83' lang='lat' dir='ltr'><strong>Qui</strong></span> <span class='ocrx_word' id='word_1_67' title='bbox 541 1310 735 1374; x_wconf 80' lang='lat' dir='ltr'><strong>rapitur</strong></span> <span class='ocrx_word' id='word_1_68' title='bbox 770 1308 833 1355; x_wconf 86' lang='lat' dir='ltr'><strong>de</strong></span> <span class='ocrx_word' id='word_1_69' title='bbox 869 1309 1009 1355; x_wconf 89' lang='lat' dir='ltr'><strong>fonte</strong></span> <span class='ocrx_word' id='word_1_70' title='bbox 1044 1316 1159 1356; x_wconf 67' lang='lat' dir='ltr'><strong>tuot</strong></span> <span class='ocrx_word' id='word_1_71' title='bbox 1191 1324 1281 1357; x_wconf 91' lang='lat' dir='ltr'><strong>seu</strong></span> <span class='ocrx_word' id='word_1_72' title='bbox 1315 1310 1467 1373; x_wconf 86' lang='lat' dir='ltr'><strong>plana</strong></span> <span class='ocrx_word' id='word_1_73' title='bbox 1496 1310 1673 1357; x_wconf 90' lang='lat' dir='ltr'><strong>solutis</strong></span> 
     </span>
    </p>

    <p class='ocr_par' dir='ltr' id='par_1_10' title="bbox 414 1399 1944 1464">
     <span class='ocr_line' id='line_1_12' title="bbox 414 1399 1944 1464; baseline -0.003 -13"><span class='ocrx_word' id='word_1_74' title='bbox 414 1402 525 1462; x_wconf 83' lang='lat' dir='ltr'><strong>Qua</strong></span> <span class='ocrx_word' id='word_1_75' title='bbox 557 1401 708 1450; x_wconf 85' lang='lat' dir='ltr'><strong>struis</strong></span> <span class='ocrx_word' id='word_1_76' title='bbox 746 1414 861 1447; x_wconf 85' lang='lat' dir='ltr'><strong>orsa</strong></span> <span class='ocrx_word' id='word_1_77' title='bbox 892 1399 1083 1458; x_wconf 88' lang='lat' dir='ltr'><strong>modis,</strong></span> <span class='ocrx_word' id='word_1_78' title='bbox 1119 1415 1209 1447; x_wconf 90' lang='lat' dir='ltr'><strong>seu</strong></span> <span class='ocrx_word' id='word_1_79' title='bbox 1243 1414 1341 1464; x_wconf 89' lang='lat' dir='ltr'><strong>qua</strong></span> <span class='ocrx_word' id='word_1_80' title='bbox 1375 1399 1468 1447; x_wconf 91' lang='lat' dir='ltr'><strong>tibi</strong></span> <span class='ocrx_word' id='word_1_81' title='bbox 1503 1399 1662 1448; x_wconf 86' lang='lat' dir='ltr'><strong>dulcis</strong></span> <span class='ocrx_word' id='word_1_82' title='bbox 1696 1400 1752 1449; x_wconf 89' lang='lat' dir='ltr'><strong>in</strong></span> <span class='ocrx_word' id='word_1_83' title='bbox 1785 1406 1944 1448; x_wconf 86' lang='lat' dir='ltr'><strong>artem</strong></span> 
     </span>
    </p>

    <p class='ocr_par' dir='ltr' id='par_1_11' title="bbox 412 1490 2673 1646">
     <span class='ocr_line' id='line_1_13' title="bbox 412 1490 2673 1554; baseline -0 -13"><span class='ocrx_word' id='word_1_84' title='bbox 412 1491 708 1553; x_wconf 82' lang='lat' dir='ltr'><strong>Frangitur,</strong></span> <span class='ocrx_word' id='word_1_85' title='bbox 742 1497 793 1537; x_wconf 94' lang='lat' dir='ltr'><strong>et</strong></span> <span class='ocrx_word' id='word_1_86' title='bbox 825 1496 1024 1537; x_wconf 89' lang='lat' dir='ltr'><strong>nostras</strong></span> <span class='ocrx_word' id='word_1_87' title='bbox 1060 1497 1200 1536; x_wconf 91' lang='lat' dir='ltr'><strong>curat</strong></span> <span class='ocrx_word' id='word_1_88' title='bbox 1235 1490 1470 1539; x_wconf 82' lang='lat' dir='ltr'><strong>facundia</strong></span> <span class='ocrx_word' id='word_1_89' title='bbox 1501 1491 1651 1554; x_wconf 85' lang='lat' dir='ltr'><strong>leges.</strong></span> <span class='ocrx_word' id='word_1_90' title='bbox 2595 1498 2673 1546; x_wconf 72' lang='grc'><strong>’30</strong></span> 
     </span>
     <span class='ocr_line' id='line_1_14' title="bbox 416 1575 2649 1646; baseline 0.001 -15"><span class='ocrx_word' id='word_1_91' title='bbox 416 1582 580 1642; x_wconf 81' lang='lat' dir='ltr'><strong>Quare</strong></span> <span class='ocrx_word' id='word_1_92' title='bbox 615 1598 734 1644; x_wconf 87' lang='lat' dir='ltr'><strong>age,</strong></span> <span class='ocrx_word' id='word_1_93' title='bbox 767 1580 811 1628; x_wconf 90' lang='lat' dir='ltr'><strong>si</strong></span> <span class='ocrx_word' id='word_1_94' title='bbox 845 1579 1013 1628; x_wconf 90' lang='lat' dir='ltr'><strong>Cereri</strong></span> <span class='ocrx_word' id='word_1_95' title='bbox 1044 1594 1136 1627; x_wconf 89' lang='lat' dir='ltr'><strong>sua</strong></span> <span class='ocrx_word' id='word_1_96' title='bbox 1165 1580 1299 1629; x_wconf 90' lang='lat' dir='ltr'><strong>dona</strong></span> <span class='ocrx_word' id='word_1_97' title='bbox 1329 1597 1622 1646; x_wconf 91' lang='lat' dir='ltr'><strong>merumque</strong></span> <span class='ocrx_word' id='word_1_98' title='bbox 1652 1582 1826 1645; x_wconf 87' lang='lat' dir='ltr'><strong>Lyaeo</strong></span> <span class='ocrx_word' id='word_1_99' title='bbox 2645 1575 2649 1577; x_wconf 51' lang='grc'><strong>’</strong></span> 
     </span>
    </p>

    <p class='ocr_par' dir='ltr' id='par_1_12' title="bbox 413 1669 1835 1739">
     <span class='ocr_line' id='line_1_15' title="bbox 413 1669 1835 1739; baseline 0 -17"><span class='ocrx_word' id='word_1_100' title='bbox 413 1673 717 1730; x_wconf 86' lang='lat' dir='ltr'><strong>Reddimus,</strong></span> <span class='ocrx_word' id='word_1_101' title='bbox 749 1678 800 1717; x_wconf 91' lang='lat' dir='ltr'><strong>et</strong></span> <span class='ocrx_word' id='word_1_102' title='bbox 831 1670 975 1719; x_wconf 89' lang='lat' dir='ltr'><strong>dives</strong></span> <span class='ocrx_word' id='word_1_103' title='bbox 1004 1669 1251 1733; x_wconf 87' lang='lat' dir='ltr'><strong>praedae,</strong></span> <span class='ocrx_word' id='word_1_104' title='bbox 1282 1679 1453 1719; x_wconf 87' lang='lat' dir='ltr'><strong>tamen</strong></span> <span class='ocrx_word' id='word_1_105' title='bbox 1488 1674 1668 1739; x_wconf 87' lang='lat' dir='ltr'><strong>accipit</strong></span> <span class='ocrx_word' id='word_1_106' title='bbox 1697 1675 1835 1722; x_wconf 86' lang='lat' dir='ltr'><strong>omni</strong></span> 
     </span>
    </p>

    <p class='ocr_par' dir='ltr' id='par_1_13' title="bbox 412 1759 1500 1825">
     <span class='ocr_line' id='line_1_16' title="bbox 412 1759 1500 1825; baseline -0.001 -13"><span class='ocrx_word' id='word_1_107' title='bbox 412 1764 645 1813; x_wconf 82' lang='lat' dir='ltr'><strong>Exuvias</strong></span> <span class='ocrx_word' id='word_1_108' title='bbox 680 1761 848 1809; x_wconf 89' lang='lat' dir='ltr'><strong>Diana</strong></span> <span class='ocrx_word' id='word_1_109' title='bbox 874 1759 1037 1818; x_wconf 87' lang='lat' dir='ltr'><strong>tholo,</strong></span> <span class='ocrx_word' id='word_1_110' title='bbox 1068 1761 1362 1825; x_wconf 86' lang='lat' dir='ltr'><strong>captivaque</strong></span> <span class='ocrx_word' id='word_1_111' title='bbox 1398 1762 1500 1811; x_wconf 82' lang='lat' dir='ltr'><strong>tela</strong></span> 
     </span>
    </p>

    <p class='ocr_par' dir='ltr' id='par_1_14' title="bbox 413 1849 1813 1918">
     <span class='ocr_line' id='line_1_17' title="bbox 413 1849 1813 1918; baseline -0.001 -16"><span class='ocrx_word' id='word_1_112' title='bbox 413 1853 746 1918; x_wconf 89' lang='lat' dir='ltr'><strong>Bellipotens;</strong></span> <span class='ocrx_word' id='word_1_113' title='bbox 783 1865 876 1897; x_wconf 91' lang='lat' dir='ltr'><strong>nec</strong></span> <span class='ocrx_word' id='word_1_114' title='bbox 907 1856 988 1907; x_wconf 83' lang='lat' dir='ltr'><strong>tU,</strong></span> <span class='ocrx_word' id='word_1_115' title='bbox 1020 1849 1219 1912; x_wconf 88' lang='lat' dir='ltr'><strong>quando</strong></span> <span class='ocrx_word' id='word_1_116' title='bbox 1255 1852 1372 1911; x_wconf 91' lang='lat' dir='ltr'><strong>tibi,</strong></span> <span class='ocrx_word' id='word_1_117' title='bbox 1402 1852 1613 1912; x_wconf 85' lang='lat' dir='ltr'><strong>Gallice,</strong></span> <span class='ocrx_word' id='word_1_118' title='bbox 1649 1854 1813 1917; x_wconf 81' lang='lat' dir='ltr'><strong>majus</strong></span> 
     </span>
    </p>

    <p class='ocr_par' dir='ltr' id='par_1_15' title="bbox 358 1939 2667 2099">
     <span class='ocr_line' id='line_1_18' title="bbox 413 1939 2667 2007; baseline 0.001 -15"><span class='ocrx_word' id='word_1_119' title='bbox 413 1944 709 2007; x_wconf 76' lang='lat' dir='ltr'><strong>Eloquium,</strong></span> <span class='ocrx_word' id='word_1_120' title='bbox 742 1939 978 2002; x_wconf 90' lang='lat' dir='ltr'><strong>fandique</strong></span> <span class='ocrx_word' id='word_1_121' title='bbox 1006 1939 1183 2002; x_wconf 87' lang='lat' dir='ltr'><strong>opibus</strong></span> <span class='ocrx_word' id='word_1_122' title='bbox 1216 1941 1443 1990; x_wconf 89' lang='lat' dir='ltr'><strong>sublimis</strong></span> <span class='ocrx_word' id='word_1_123' title='bbox 1472 1943 1725 2001; x_wconf 88' lang='lat' dir='ltr'><strong>abundas,</strong></span> <span class='ocrx_word' id='word_1_124' title='bbox 1999 1991 2003 1996; x_wconf 84' lang='grc'><em>,</em></span> <span class='ocrx_word' id='word_1_125' title='bbox 2551 1988 2557 1994; x_wconf 83' lang='lat'>.</span> <span class='ocrx_word' id='word_1_126' title='bbox 2602 1951 2667 1996; x_wconf 85' lang='lat'><strong>35</strong></span> 
     </span>
     <span class='ocr_line' id='line_1_19' title="bbox 358 2025 2419 2099; baseline -0 -17"><span class='ocrx_word' id='word_1_127' title='bbox 358 2085 365 2093; x_wconf 58' lang='grc'>,</span> <span class='ocrx_word' id='word_1_128' title='bbox 415 2034 605 2099; x_wconf 90' lang='lat' dir='ltr'><strong>Sperne</strong></span> <span class='ocrx_word' id='word_1_129' title='bbox 638 2031 732 2078; x_wconf 90' lang='lat' dir='ltr'><strong>coli</strong></span> <span class='ocrx_word' id='word_1_130' title='bbox 763 2029 991 2076; x_wconf 88' lang='lat' dir='ltr'><strong>tenuiore</strong></span> <span class='ocrx_word' id='word_1_131' title='bbox 1024 2028 1148 2089; x_wconf 86' lang='lat' dir='ltr'><strong>lyra.</strong></span> <span class='ocrx_word' id='word_1_132' title='bbox 1215 2046 1347 2093; x_wconf 86' lang='lat' dir='ltr'><strong>vaga</strong></span> <span class='ocrx_word' id='word_1_133' title='bbox 1377 2033 1592 2095; x_wconf 88' lang='lat' dir='ltr'><strong>cingitur</strong></span> <span class='ocrx_word' id='word_1_134' title='bbox 1629 2034 1777 2081; x_wconf 85' lang='lat' dir='ltr'><strong>astris</strong></span> <span class='ocrx_word' id='word_1_135' title='bbox 2411 2025 2419 2031; x_wconf 51' lang='lat'><em>⁶</em></span> 
     </span>
    </p>

    <p class='ocr_par' dir='ltr' id='par_1_16' title="bbox 410 2119 1668 2181">
     <span class='ocr_line' id='line_1_20' title="bbox 410 2119 1668 2181; baseline -0.002 -10"><span class='ocrx_word' id='word_1_136' title='bbox 410 2124 586 2181; x_wconf 89' lang='lat' dir='ltr'><strong>Luna,</strong></span> <span class='ocrx_word' id='word_1_137' title='bbox 618 2129 670 2168; x_wconf 87' lang='lat' dir='ltr'><strong>et</strong></span> <span class='ocrx_word' id='word_1_138' title='bbox 696 2122 751 2167; x_wconf 87' lang='lat' dir='ltr'><strong>in</strong></span> <span class='ocrx_word' id='word_1_139' title='bbox 778 2133 1020 2166; x_wconf 88' lang='lat' dir='ltr'><strong>occanum</strong></span> <span class='ocrx_word' id='word_1_140' title='bbox 1050 2119 1151 2167; x_wconf 89' lang='lat' dir='ltr'><strong>rivi</strong></span> <span class='ocrx_word' id='word_1_141' title='bbox 1185 2121 1407 2169; x_wconf 88' lang='lat' dir='ltr'><strong>cecidere</strong></span> <span class='ocrx_word' id='word_1_142' title='bbox 1433 2124 1668 2170; x_wconf 88' lang='lat' dir='ltr'><strong>minores.</strong></span> 
     </span>
    </p>

    <p class='ocr_par' dir='ltr' id='par_1_17' title="bbox 415 2207 1713 2274">
     <span class='ocr_line' id='line_1_21' title="bbox 415 2207 1713 2274; baseline -0.001 -14"><span class='ocrx_word' id='word_1_143' title='bbox 415 2212 554 2272; x_wconf 80' lang='lat' dir='ltr'><strong>Quae</strong></span> <span class='ocrx_word' id='word_1_144' title='bbox 586 2212 679 2258; x_wconf 84' lang='lat' dir='ltr'><strong>tibi</strong></span> <span class='ocrx_word' id='word_1_145' title='bbox 711 2209 951 2256; x_wconf 89' lang='lat' dir='ltr'><strong>sollicitus</strong></span> <span class='ocrx_word' id='word_1_146' title='bbox 978 2207 1225 2270; x_wconf 85' lang='lat' dir='ltr'><strong>persolvit</strong></span> <span class='ocrx_word' id='word_1_147' title='bbox 1253 2211 1480 2274; x_wconf 88' lang='lat' dir='ltr'><strong>praemia</strong></span> <span class='ocrx_word' id='word_1_148' title='bbox 1514 2226 1713 2259; x_wconf 89' lang='lat' dir='ltr'><strong>morum</strong></span> 
     </span>
    </p>

    <p class='ocr_par' dir='ltr' id='par_1_18' title="bbox 411 2296 1996 2365">
     <span class='ocr_line' id='line_1_22' title="bbox 411 2296 1996 2365; baseline -0.001 -15"><span class='ocrx_word' id='word_1_149' title='bbox 411 2299 561 2350; x_wconf 87' lang='lat' dir='ltr'><strong>Urbis</strong></span> <span class='ocrx_word' id='word_1_150' title='bbox 598 2298 770 2348; x_wconf 64' lang='lat' dir='ltr'><strong>amor?</strong></span> <span class='ocrx_word' id='word_1_151' title='bbox 806 2312 932 2361; x_wconf 90' lang='lat' dir='ltr'><strong>quae</strong></span> <span class='ocrx_word' id='word_1_152' title='bbox 970 2303 1078 2343; x_wconf 88' lang='lat' dir='ltr'><strong>tum</strong></span> <span class='ocrx_word' id='word_1_153' title='bbox 1111 2296 1416 2363; x_wconf 90' lang='lat' dir='ltr'><strong>Patrumque</strong></span> <span class='ocrx_word' id='word_1_154' title='bbox 1451 2300 1790 2365; x_wconf 91' lang='lat' dir='ltr'><strong>Equitumque</strong></span> <span class='ocrx_word' id='word_1_155' title='bbox 1820 2302 1996 2349; x_wconf 73' lang='lat' dir='ltr'><strong>notavi</strong></span> 
     </span>
    </p>

    <p class='ocr_par' dir='ltr' id='par_1_19' title="bbox 409 2386 2667 2538">
     <span class='ocr_line' id='line_1_23' title="bbox 411 2386 2667 2454; baseline -0.001 -14"><span class='ocrx_word' id='word_1_156' title='bbox 411 2392 656 2449; x_wconf 89' lang='lat' dir='ltr'><strong>Lumina,</strong></span> <span class='ocrx_word' id='word_1_157' title='bbox 687 2397 739 2436; x_wconf 89' lang='lat' dir='ltr'><strong>et</strong></span> <span class='ocrx_word' id='word_1_158' title='bbox 767 2389 972 2450; x_wconf 89' lang='lat' dir='ltr'><strong>ignarae</strong></span> <span class='ocrx_word' id='word_1_159' title='bbox 1006 2386 1167 2450; x_wconf 89' lang='lat' dir='ltr'><strong>plebis</strong></span> <span class='ocrx_word' id='word_1_160' title='bbox 1202 2388 1371 2451; x_wconf 90' lang='lat' dir='ltr'><strong>lugere</strong></span> <span class='ocrx_word' id='word_1_161' title='bbox 1406 2390 1675 2454; x_wconf 69' lang='lat' dir='ltr'><strong>potentes?</strong></span> <span class='ocrx_word' id='word_1_162' title='bbox 2589 2393 2667 2438; x_wconf 80' lang='grc'><strong>40</strong></span> 
     </span>
     <span class='ocr_line' id='line_1_24' title="bbox 409 2477 1591 2538; baseline -0.002 -8"><span class='ocrx_word' id='word_1_163' title='bbox 409 2481 527 2531; x_wconf 93' lang='lat' dir='ltr'><strong>Non</strong></span> <span class='ocrx_word' id='word_1_164' title='bbox 555 2480 754 2528; x_wconf 85' lang='lat' dir='ltr'><strong>labente</strong></span> <span class='ocrx_word' id='word_1_165' title='bbox 787 2477 954 2525; x_wconf 90' lang='lat' dir='ltr'><strong>Numa</strong></span> <span class='ocrx_word' id='word_1_166' title='bbox 979 2477 1148 2523; x_wconf 89' lang='lat' dir='ltr'><strong>timuit</strong></span> <span class='ocrx_word' id='word_1_167' title='bbox 1177 2480 1247 2525; x_wconf 86' lang='lat' dir='ltr'><strong>sic</strong></span> <span class='ocrx_word' id='word_1_168' title='bbox 1281 2480 1419 2527; x_wconf 86' lang='lat' dir='ltr'><strong>curia</strong></span> <span class='ocrx_word' id='word_1_169' title='bbox 1446 2480 1591 2538; x_wconf 82' lang='lat' dir='ltr'><strong>felix,</strong></span> 
     </span>
    </p>

    <p class='ocr_par' dir='ltr' id='par_1_20' title="bbox 410 2567 1732 2636">
     <span class='ocr_line' id='line_1_25' title="bbox 410 2567 1732 2636; baseline -0.002 -18"><span class='ocrx_word' id='word_1_170' title='bbox 410 2571 650 2636; x_wconf 84' lang='lat' dir='ltr'><strong>Pompeio</strong></span> <span class='ocrx_word' id='word_1_171' title='bbox 685 2585 778 2616; x_wconf 90' lang='lat' dir='ltr'><strong>nec</strong></span> <span class='ocrx_word' id='word_1_172' title='bbox 811 2567 970 2614; x_wconf 90' lang='lat' dir='ltr'><strong>celsus</strong></span> <span class='ocrx_word' id='word_1_173' title='bbox 1005 2581 1183 2629; x_wconf 81' lang='lat' dir='ltr'><strong>eques,</strong></span> <span class='ocrx_word' id='word_1_174' title='bbox 1214 2582 1307 2615; x_wconf 92' lang='lat' dir='ltr'><strong>nec</strong></span> <span class='ocrx_word' id='word_1_175' title='bbox 1341 2569 1532 2617; x_wconf 84' lang='lat' dir='ltr'><strong>femina</strong></span> <span class='ocrx_word' id='word_1_176' title='bbox 1564 2569 1732 2617; x_wconf 91' lang='lat' dir='ltr'><strong>Bruto.</strong></span> 
     </span>
    </p>

    <p class='ocr_par' dir='ltr' id='par_1_21' title="bbox 410 2656 1603 2716">
     <span class='ocr_line' id='line_1_26' title="bbox 410 2656 1603 2716; baseline -0.003 -9"><span class='ocrx_word' id='word_1_177' title='bbox 410 2657 520 2708; x_wconf 92' lang='lat' dir='ltr'><strong>Hoc</strong></span> <span class='ocrx_word' id='word_1_178' title='bbox 545 2659 691 2716; x_wconf 86' lang='lat' dir='ltr'><strong>illud3</strong></span> <span class='ocrx_word' id='word_1_179' title='bbox 722 2658 890 2704; x_wconf 89' lang='lat' dir='ltr'><strong>tristes</strong></span> <span class='ocrx_word' id='word_1_180' title='bbox 920 2656 1138 2704; x_wconf 90' lang='lat' dir='ltr'><strong>invitum</strong></span> <span class='ocrx_word' id='word_1_181' title='bbox 1177 2657 1351 2703; x_wconf 90' lang='lat' dir='ltr'><strong>audire</strong></span> <span class='ocrx_word' id='word_1_182' title='bbox 1384 2665 1603 2715; x_wconf 83' lang='lat' dir='ltr'><strong>catenaS,</strong></span> 
     </span>
    </p>

    <p class='ocr_par' dir='ltr' id='par_1_22' title="bbox 410 2745 2637 2814">
     <span class='ocr_line' id='line_1_27' title="bbox 410 2745 2637 2814; baseline -0.001 -18"><span class='ocrx_word' id='word_1_183' title='bbox 410 2747 619 2796; x_wconf 88' lang='lat' dir='ltr'><strong>Parcere</strong></span> <span class='ocrx_word' id='word_1_184' title='bbox 655 2746 974 2803; x_wconf 81' lang='lat' dir='ltr'><strong>verberibuS,</strong></span> <span class='ocrx_word' id='word_1_185' title='bbox 1001 2760 1093 2791; x_wconf 92' lang='lat' dir='ltr'><strong>nec</strong></span> <span class='ocrx_word' id='word_1_186' title='bbox 1131 2760 1228 2808; x_wconf 88' lang='lat' dir='ltr'><strong>qua</strong></span> <span class='ocrx_word' id='word_1_187' title='bbox 1251 2745 1399 2807; x_wconf 87' lang='lat' dir='ltr'><strong>jubet</strong></span> <span class='ocrx_word' id='word_1_188' title='bbox 1429 2746 1531 2794; x_wconf 91' lang='lat' dir='ltr'><strong>alta</strong></span> <span class='ocrx_word' id='word_1_189' title='bbox 1561 2753 1785 2810; x_wconf 86' lang='lat' dir='ltr'><strong>potestas</strong></span> <span class='ocrx_word' id='word_1_190' title='bbox 2632 2810 2637 2814; x_wconf 64' lang='lat'>‚</span> 
     </span>
    </p>

    <p class='ocr_par' dir='ltr' id='par_1_23' title="bbox 408 2835 2665 2991">
     <span class='ocr_line' id='line_1_28' title="bbox 409 2835 2665 2897; baseline 0 -11"><span class='ocrx_word' id='word_1_191' title='bbox 409 2838 513 2897; x_wconf 89' lang='lat' dir='ltr'><strong>Ire,</strong></span> <span class='ocrx_word' id='word_1_192' title='bbox 544 2837 634 2885; x_wconf 88' lang='lat' dir='ltr'><strong>sed</strong></span> <span class='ocrx_word' id='word_1_193' title='bbox 670 2843 889 2884; x_wconf 89' lang='lat' dir='ltr'><strong>armatas</strong></span> <span class='ocrx_word' id='word_1_194' title='bbox 922 2835 1137 2881; x_wconf 91' lang='lat' dir='ltr'><strong>multum</strong></span> <span class='ocrx_word' id='word_1_195' title='bbox 1164 2835 1260 2882; x_wconf 89' lang='lat' dir='ltr'><strong>sibi</strong></span> <span class='ocrx_word' id='word_1_196' title='bbox 1290 2835 1493 2883; x_wconf 90' lang='lat' dir='ltr'><strong>demere</strong></span> <span class='ocrx_word' id='word_1_197' title='bbox 1518 2837 1672 2895; x_wconf 87' lang='lat' dir='ltr'><strong>vires,</strong></span> <span class='ocrx_word' id='word_1_198' title='bbox 2594 2835 2665 2887; x_wconf 15' lang='lat'><strong>45⁷</strong></span> 
     </span>
     <span class='ocr_line' id='line_1_29' title="bbox 408 2924 1826 2991; baseline -0.002 -15"><span class='ocrx_word' id='word_1_199' title='bbox 408 2929 717 2991; x_wconf 86' lang='lat' dir='ltr'><strong>Dignarique</strong></span> <span class='ocrx_word' id='word_1_200' title='bbox 752 2941 931 2975; x_wconf 88' lang='lat' dir='ltr'><strong>manus</strong></span> <span class='ocrx_word' id='word_1_201' title='bbox 961 2924 1175 2972; x_wconf 89' lang='lat' dir='ltr'><strong>humiles</strong></span> <span class='ocrx_word' id='word_1_202' title='bbox 1191 2959 1204 2983; x_wconf 95' lang='lat'><strong>,</strong></span> <span class='ocrx_word' id='word_1_203' title='bbox 1238 2932 1290 2972; x_wconf 90' lang='lat' dir='ltr'><strong>et</strong></span> <span class='ocrx_word' id='word_1_204' title='bbox 1319 2925 1475 2975; x_wconf 88' lang='lat' dir='ltr'><strong>verba</strong></span> <span class='ocrx_word' id='word_1_205' title='bbox 1508 2933 1826 2990; x_wconf 75' lang='lat' dir='ltr'><strong>precantum3</strong></span> 
     </span>
    </p>

    <p class='ocr_par' dir='ltr' id='par_1_24' title="bbox 406 3015 1648 3081">
     <span class='ocr_line' id='line_1_30' title="bbox 406 3015 1648 3081; baseline -0.002 -15"><span class='ocrx_word' id='word_1_206' title='bbox 406 3018 637 3066; x_wconf 89' lang='lat' dir='ltr'><strong>Reddere</strong></span> <span class='ocrx_word' id='word_1_207' title='bbox 666 3018 783 3079; x_wconf 88' lang='lat' dir='ltr'><strong>jura</strong></span> <span class='ocrx_word' id='word_1_208' title='bbox 816 3017 952 3073; x_wconf 86' lang='lat' dir='ltr'><strong>foro,</strong></span> <span class='ocrx_word' id='word_1_209' title='bbox 987 3030 1080 3062; x_wconf 90' lang='lat' dir='ltr'><strong>nec</strong></span> <span class='ocrx_word' id='word_1_210' title='bbox 1115 3015 1408 3081; x_wconf 89' lang='lat' dir='ltr'><strong>proturbare</strong></span> <span class='ocrx_word' id='word_1_211' title='bbox 1439 3015 1648 3074; x_wconf 88' lang='lat' dir='ltr'><strong>curules,</strong></span> 
     </span>
    </p>
   </div>
   <div class='ocr_carea' id='block_1_4' title="bbox 408 3257 2651 3357">
    <p class='ocr_par' dir='ltr' id='par_1_25' title="bbox 408 3257 2651 3357">
     <span class='ocr_line' id='line_1_31' title="bbox 498 3257 2651 3301; baseline -0.001 -9"><span class='ocrx_word' id='word_1_212' title='bbox 498 3262 538 3292; x_wconf 88' lang='lat' dir='ltr'><strong>V.</strong></span> <span class='ocrx_word' id='word_1_213' title='bbox 562 3263 617 3294; x_wconf 84' lang='lat'><strong>23.</strong></span> <span class='ocrx_word' id='word_1_214' title='bbox 650 3262 746 3301; x_wconf 85' lang='lat' dir='ltr'><strong>Vulg.</strong></span> <span class='ocrx_word' id='word_1_215' title='bbox 783 3268 903 3292; x_wconf 69' lang='lat' dir='ltr'><strong>nomo</strong></span> <span class='ocrx_word' id='word_1_216' title='bbox 927 3278 972 3285; x_wconf 91' lang='grc'><strong>-</strong></span> <span class='ocrx_word' id='word_1_217' title='bbox 998 3269 1167 3293; x_wconf 72' lang='lat' dir='ltr'><strong>cAnfflNE.</strong></span> <span class='ocrx_word' id='word_1_218' title='bbox 1216 3263 1289 3300; x_wconf 82' lang='lat'><strong>[29.</strong></span> <span class='ocrx_word' id='word_1_219' title='bbox 1319 3269 1390 3299; x_wconf 61' lang='lat' dir='ltr'><strong>Qua</strong></span> <span class='ocrx_word' id='word_1_220' title='bbox 1414 3277 1460 3286; x_wconf 92' lang='lat'><strong>—-</strong></span> <span class='ocrx_word' id='word_1_221' title='bbox 1483 3267 1565 3297; x_wconf 72' lang='lat' dir='ltr'><strong>QUA.</strong></span> <span class='ocrx_word' id='word_1_222' title='bbox 1596 3260 1707 3292; x_wconf 73' lang='lat' dir='ltr'><strong>Ante·</strong></span> <span class='ocrx_word' id='word_1_223' title='bbox 1740 3268 1811 3294; x_wconf 65' lang='lat' dir='ltr'><strong>cun</strong></span> <span class='ocrx_word' id='word_1_224' title='bbox 1835 3276 1880 3286; x_wconf 88' lang='lat'><em>-</em></span> <span class='ocrx_word' id='word_1_225' title='bbox 1905 3267 1986 3293; x_wconf 70' lang='lat' dir='ltr'><strong>cun.</strong></span> <span class='ocrx_word' id='word_1_226' title='bbox 2019 3259 2107 3291; x_wconf 73' lang='lat' dir='ltr'><strong>muri</strong></span> <span class='ocrx_word' id='word_1_227' title='bbox 2137 3257 2358 3291; x_wconf 72' lang='lat' dir='ltr'><strong>Marklandua</strong></span> <span class='ocrx_word' id='word_1_228' title='bbox 2388 3258 2507 3298; x_wconf 79' lang='lat' dir='ltr'><strong>reponi</strong></span> <span class='ocrx_word' id='word_1_229' title='bbox 2545 3257 2651 3294; x_wconf 72' lang='lat' dir='ltr'><strong>iuuit,</strong></span> 
     </span>
     <span class='ocr_line' id='line_1_32' title="bbox 408 3320 584 3357; baseline -0.006 -9"><span class='ocrx_word' id='word_1_230' title='bbox 408 3323 474 3348; x_wconf 69' lang='grc' dir='ltr'><strong>ΕΒ.</strong></span> <span class='ocrx_word' id='word_1_231' title='bbox 501 3320 584 3357; x_wconf 57' lang='lat' dir='ltr'><strong>ma]</strong></span> 
     </span>
    </p>
   </div>
  </div>
 </body>
</html>
