2892 3840
416 389 479 435 72
1113 390 1155 426 P.
1226 390 1582 429 PAPINII
1652 393 1965 436 STATII

416 508 634 559 Naturae
674 505 874 553 deserta
910 500 1108 556 domas,
1143 506 1194 546 et
1225 502 1383 550 ¹vertis
1412 503 1467 549 in
1506 517 1655 554 usum

415 600 598 648 Lustra
628 594 854 643 habitata
882 590 1027 646 feris,
1061 587 1306 652 foedeque
1335 589 1545 639 latentia
1571 594 1765 657 profers

414 686 645 738 Numina.
715 695 839 743 quae
870 678 959 725 tibi
989 690 1120 722 nunc
1153 678 1446 728 meritorum
1477 684 1703 744 praemia
1733 682 1955 733 solvam?

417 774 550 833 Quas
584 770 799 819 referam
829 765 1021 828 grates?
1051 764 1316 814 Parcarum
1349 768 1432 819 fila
1465 771 1662 829 tenebo,

415 858 800 920 Extendamque
838 855 997 902 colus:
1042 853 1219 901 duram
1251 858 1352 901 scio
1387 858 1591 905 vincere
1626 865 1860 909 mortem:

414 949 656 1000 Avertam
683 946 867 1000 luctus,
901 950 952 989 et
986 943 1151 990 tristia
1186 943 1371 992 damna
1404 945 1606 1004 vetabo,

415 1038 583 1099 Teque
613 1034 737 1081 nihil
769 1033 962 1081 laesum
996 1031 1151 1081 viridi
1182 1033 1438 1082 renovabo
1469 1042 1692 1093 senecta;

415 1123 794 1184 Concedamque
826 1121 914 1168 diu
940 1122 1155 1183 juvenes
1193 1129 1418 1184 spectare
1448 1131 1684 1187 nepotes:

411 1215 586 1262 Donec
617 1218 669 1257 et
696 1210 777 1256 hic
808 1224 1021 1274 sponsae
1053 1217 1306 1269 maturuS,
1341 1218 1393 1261 et
1423 1212 1510 1259 illa
1543 1213 1748 1273 marito;

410 1303 600 1350 Rursus
630 1306 682 1346 et
712 1311 782 1348 ex
805 1298 904 1346 illis
935 1300 1130 1347 soboles
1158 1315 1293 1349 nova
1303 1315 1314 1358 ;
1353 1313 1574 1363 grexque
1610 1309 1875 1365 protervus

411 1390 555 1442 Nunc
589 1388 812 1436 humeris
841 1388 1052 1452 irreptet
1082 1391 1192 1447 avi,
1220 1404 1352 1440 nunc
1381 1390 1578 1450 agmine
1613 1391 1798 1443 blando

414 1478 659 1528 Certatim
684 1475 909 1540 placidae
951 1486 1209 1525 concurrat
1236 1477 1301 1525 ad
1331 1479 1499 1525 oscula
1532 1478 1711 1526 Pollae.

413 1567 546 1619 Nam
580 1566 780 1630 templis
812 1580 1067 1629 nunquam
1101 1573 1348 1614 statuetur
1380 1569 1625 1617 ,terminus
1653 1570 1783 1626 aevi,

412 1657 552 1709 Dum
581 1671 663 1703 me
692 1655 987 1716 flammigeri
1016 1655 1236 1719 portabit
1260 1655 1492 1705 machina
1522 1657 1659 1707 caeli.

414 1745 519 1796 Nec
547 1745 671 1793 mihi
697 1744 809 1809 plus
838 1743 1053 1802 Nemee,
1088 1746 1370 1808 priscumve
1401 1745 1709 1795 habitabitur
1738 1746 1916 1812 Argos,

414 1834 520 1885 Nec
550 1833 772 1881 Tiburna
797 1832 1002 1891 domus„
1036 1834 1220 1883 solisve
1257 1834 1437 1880 cubilia
1469 1834 1648 1882 Gades.

414 1923 498 1971 Sic
534 1924 628 1980 ait,
665 1928 717 1968 et
747 1928 955 1983 tangens
983 1929 1269 1982 surgentem
1302 1922 1540 1970 altaribus
1574 1925 1761 1985 ignem,

414 2011 730 2075 Populeaque
759 2024 970 2059 movens
1008 2010 1228 2058 albentia
1262 2017 1491 2074 tempora
1518 2012 1664 2071 silva,

415 2101 484 2151 Et
514 2100 670 2165 Styga
698 2106 750 2148 et
775 2099 1001 2150 aetherei
1024 2099 1221 2165 juravit
1255 2099 1467 2152 fulmina
1490 2101 1664 2167 patris.

1515 2372 1574 2420 11.

779 2499 1495 2561 PROPEMPTICON
1568 2503 1858 2563 ΜΕΤΙΟ
1935 2505 2283 2564 CELERI.

422 2710 516 2795 D
534 2753 579 2799 1,
610 2739 786 2803 quibus
819 2736 1032 2785 audaces
1064 2752 1205 2785 amor
1233 2744 1311 2785 est
1341 2752 1542 2790 servare
1573 2741 1783 2802 carinaS,

424 2834 684 2896 Saevaque
718 2831 919 2880 ventosi
947 2829 1162 2876 mulcere
1193 2830 1412 2892 pericula
1436 2833 1595 2896 ponti,

425 2923 643 2971 Sternite
677 2920 826 2967 molle
861 2920 1071 2977 fretum,
1100 2917 1446 2983 placidumque
1482 2922 1728 2972 advertite
1755 2925 1889 2974 votis

429 3010 728 3069 Concilium,
764 3015 816 3056 et
844 3009 970 3056 lenis
1002 3021 1107 3055 non
1139 3006 1395 3073 obstrepat
1419 3011 1555 3061 unda
1582 3013 1819 3078 precanti.

520 3207 561 3237 v.
588 3208 662 3239 182.
690 3206 788 3247 Vulg.
810 3213 1043 3246 mistamque.
1090 3207 1168 3242 188.
1197 3212 1375 3245 sonem.

2557 611 2654 657 170

2555 1139 2654 1183 175

2496 1636 2500 1640 .
2557 1578 2656 1623 180

2557 2022 2651 2067 185
