2892 3840
400 401 502 452 270

475 530 614 561 Certum
631 532 683 559 est
694 536 705 558 .·
725 525 803 557 inde
822 531 927 556 sonus
945 523 1101 563 geminas
1122 516 1207 550 mn'ln‘
1223 518 1353 550 circuit
1369 526 1487 550 aures.

404 577 488 611 Vide
512 576 616 607 Theb.
638 577 674 611 1,
699 573 776 605 303.
802 569 917 608 Virgil.
943 570 1027 597 Aen.
1051 566 1120 605 111,
1157 565 1238 596 663.
1275 563 1350 594 Val.
1371 564 1485 596 Flacc.

404 625 447 661 V,
473 625 553 657 225.
595 623 630 652 et
652 621 702 652 ita
725 615 814 648 Edit.
841 616 1009 645 Romana:
1030 609 1220 641 Parmensis
1242 610 1342 641 unde.
1387 609 1488 647 Quod

405 681 488 705 vero
534 667 626 700 Idem
668 672 769 696 versu
799 657 952 698 sequenti
991 665 1054 697 pro
1088 663 1212 688 novar
1241 655 1323 696 legit
1353 663 1486 696 nous-r,

405 717 563 760 quoniam
595 719 730 744 monere
760 709 794 737 et
824 707 975 736 monitus
1013 702 1152 742 propria
1184 703 1263 733 sunt
1296 703 1401 733 verba
1443 702 1486 732 de

407 764 576 805 auguriis,
604 753 771 793 erasum,
806 749 988 790 prodigiis,
1025 744 1215 790 ominibus,
1240 747 1401 786 somniis;
1424 757 1487 787 pa-

406 822 482 845 rum
506 807 660 842 accurate
684 799 954 838 argumentatur:
996 795 1064 826 tam
1092 795 1180 826 enim
1205 803 1378 825 movemur
1402 793 1489 824 omi-

407 859 504 889 nibus
540 860 637 893 quam
668 851 869 876 monemur.-
910 842 946 872 et
975 841 1039 872 hoc
1070 841 1146 872 loco
1170 841 1300 871 nullum
1324 849 1410 879 opus
1437 841 1489 870 est

406 903 543 935 monitu.
569 897 677 928 movet
702 890 791 921 idem
817 889 870 920 est
895 887 985 927 quod
1007 888 1147 928 turbat,
1183 891 1313 927 terret,
1340 887 1489 918 anxium

408 949 528 981 reddit,
572 944 663 980 Lege
690 936 788 967 modo
815 936 899 966 haec
923 943 968 966 ex
991 933 1150 964 Thebaid.
1175 935 1231 970 11,
1256 933 1338 964 263.

684 987 827 1014 cunctos
852 986 966 1012 tamen
989 987 1102 1011 OMINA
1127 988 1244 1010 rerum

493 1034 588 1065 Dira
624 1036 790 1069 moves-r,
832 1029 1012 1068 variisque
1043 1027 1168 1057 metum
1192 1023 1406 1057 sermonibus
1428 1030 1489 1054 au-

625 1077 726 1115 gent:

405 1127 464 1160 Sil.
491 1123 629 1156 Italicus
655 1122 730 1158 IX,
754 1120 833 1151 258.

930 1167 1002 1194 tum
1025 1164 1126 1193 triste
1151 1165 1321 1192 now-:BAT

492 1218 698 1254 Anconam,
721 1217 754 1243 et
774 1210 903 1242 similes
929 1210 1098 1253 defuneto
1122 1209 1162 1239 in
1190 1216 1335 1247 corpore
1360 1206 1490 1238 vultus.

404 1263 560 1303 Virgilius
583 1261 644 1301 lX,
663 1261 744 1291 471.
1020 1285 1025 1290 ,

681 1304 786 1337 simul
805 1311 871 1334 ora
892 1301 1006 1333 virum
1028 1295 1200 1338 praefixa
1224 1297 1416 1339 movebant,

495 1355 588 1386 Nota
613 1353 718 1383 nimis
743 1350 880 1382 miseris
893 1370 904 1390 ,
929 1351 1073 1385 atroque
1086 1343 1240 1385 fluentia
1267 1344 1357 1375 tabo.

404 1401 545 1433 Ovidius
571 1401 654 1431 Met.
678 1400 704 1428 1.

681 1443 856 1474 humanas
879 1438 1014 1470 motura
1036 1437 1197 1468 tonitrua
1222 1440 1363 1467 mentes.

404 1491 542 1525 Hei-oid.
567 1490 626 1530 IX,
650 1490 706 1522 39.
1292 1526 1300 1534 ·
1451 1526 1459 1534 ι

497 1537 555 1569 Me
572 1537 743 1576 pecudum
758 1530 889 1571 fibrae,
915 1527 1174 1566 simulacraque
1195 1527 1322 1556 inama
1345 1533 1468 1566 somna,

543 1585 727 1623 OMINAque
752 1585 891 1609 arcana
915 1579 1014 1606 noete
1035 1573 1150 1611 petita
1175 1578 1333 1602 MOVENT.

406 1629 531 1669 passim
565 1628 654 1667 apud
685 1629 848 1658 Senecam
882 1621 967 1652 haec
1001 1626 1072 1650 vox
1107 1617 1257 1662 occurrit
1289 1617 1353 1649 hoc
1375 1624 1490 1669 sensu:

407 1676 444 1709 Si
466 1676 550 1707 haec
575 1675 613 1704 in
640 1675 783 1703 mentem
810 1667 1000 1706 venissent,
1040 1664 1125 1695 nihil
1149 1663 1309 1694 movisset
1332 1663 1489 1694 acerrimi

405 1721 525 1761 judicii
549 1720 621 1753 Vir.
643 1721 748 1758 Mox,
786 1724 816 1746 v.
845 1717 899 1746 56.
927 1718 1044 1743 LONGO
1081 1711 1231 1741 clamore
1265 1719 1333 1740 non
1366 1710 1491 1749 placet,

408 1771 549 1807 propter
580 1773 724 1804 sequens
748 1763 821 1794 Nec
843 1766 986 1790 Loscmu
1013 1765 1124 1788 cara:
1145 1756 1242 1797 lege,
1269 1762 1391 1787 iii-iaso
1419 1755 1490 1785 cla-

406 1824 510 1846 more.
557 1812 615 1844 Sil.
643 1811 781 1841 Italicus
805 1807 912 1847 Xvu,
935 1806 993 1835 26.

503 1858 587 1888 Tum
607 1866 724 1896 puppe
746 1866 764 1885 e
785 1853 896 1884 media
918 1854 1039 1881 MAGNO
1064 1847 1211 1878 clamore
1236 1847 1401 1877 sacerdos
1425 1847 1489 1876 etc.

409 1905 542 1937 tametsi
589 1902 746 1934 occurrat
786 1904 903 1930 Loxoo
939 1896 1092 1926 clamore
1135 1893 1236 1923 Theb.
1268 1894 1310 1934 V,
1344 1893 1420 1923 552.
1453 1893 1488 1922 et

407 1951 486 1983 alibi
509 1948 643 1989 passim.
690 1946 819 1978 Eodem
844 1945 969 1974 Versu:
1007 1940 1141 1971 Saevus
1167 1940 1226 1970 ubi
1250 1950 1268 1970 c
1287 1939 1404 1979 puppi
1423 1941 1487 1968 etc.

407 1997 645 2035 conjeceram,
672 1993 807 2025 Saevus
831 1996 866 2022 et
890 2000 907 2020 e
928 1988 1052 2028 puppi,
1079 1995 1177 2017 sensu
1196 1984 1244 2015 ita
1269 1984 1485 2023 postulante:

403 2045 496 2074 Rom.
532 2044 567 2072 et
596 2042 704 2071 Parin.
763 2038 885 2068 Serius
918 2045 935 2064 e
954 2033 1077 2073 puppi.
1123 2035 1219 2063 vers.
1244 2033 1298 2063 58.
1323 2040 1385 2069 pro
1411 2031 1487 2062 licet

405 2091 514 2121 Parin.
542 2087 657 2118 valet.-
685 2084 775 2125 quod
800 2091 869 2113 non
895 2079 1058 2119 intelligo.

450 2156 484 2177 v.
517 2147 572 2176 61.
759 2186 932 2218 mantibus
958 2191 1090 2223 aequor

502 2236 606 2267 Fecit·
628 2232 741 2273 it·er?]
767 2235 818 2263 Ita
842 2238 958 2261 omnes
982 2237 1063 2267 quas
1088 2226 1156 2257 vidi
1177 2224 1364 2257 Editiones.
1387 2223 1489 2255 Hein-

411 2283 480 2313 sius
507 2290 589 2313 vero
613 2281 656 2311 ad
679 2280 751 2310 Val.
774 2279 888 2309 Flacc.
916 2278 953 2316 1,
987 2275 1066 2305 827.
1090 2272 1170 2304 citat
1192 2272 1384 2309 abscisum,
1414 2273 1490 2302 abs-

412 2338 476 2368 que
511 2328 583 2359 ulla
613 2324 818 2357 diversitatis
841 2325 943 2362 nota,
981 2324 1015 2351 et
1040 2318 1134 2359 quasi
1158 2318 1193 2348 in
1217 2317 1369 2348 omnibus
1395 2317 1489 2348 libris

410 2375 459 2405 ita
492 2374 672 2413 legeretur.
718 2373 770 2402 De
799 2368 990 2400 differentia
1017 2367 1198 2397 verborum
1222 2365 1425 2395 abscindere
1456 2365 1491 2393 et

410 2421 608 2459 abscidere,
639 2418 794 2460 (quorum
818 2417 982 2455 alterum,
1016 2412 1239 2451 abscindere,
1272 2410 1490 2449 praeteritum

409 2477 491 2509 facit
517 2469 669 2515 abscidi,
700 2471 812 2504 media
839 2471 953 2512 brevi,
987 2472 1021 2501 et
1046 2468 1259 2508 participium
1285 2469 1490 2506 abscissus,-

412 2525 576 2564 alterum,
599 2522 798 2561 abscidere,
823 2529 843 2550 a
868 2516 1119 2558 praepositione
1145 2517 1208 2546 abs
1234 2516 1268 2544 et
1294 2515 1418 2554 caedo,
1453 2514 1490 2544 in

410 2580 594 2620 praeterito
628 2564 790 2618 abscidi,
821 2573 935 2608 media
962 2571 1083 2614 longa,
1107 2571 1285 2613 participio
1309 2572 1489 2605 abscisus)

412 2629 447 2657 et
482 2635 578 2665 quam
614 2625 809 2663 frequenter
835 2623 1105 2658 commutentur,
1150 2619 1227 2649 vide
1260 2619 1308 2649 Cl.
1335 2617 1493 2647 Draken-

411 2673 581 2704 borchium
614 2671 657 2701 ad
688 2670 746 2702 Sil.
772 2670 925 2700 Italicum
948 2668 1021 2698 XV.
1045 2668 1125 2698 473.
1167 2666 1240 2695 Hoc
1265 2666 1378 2694 tamen
1412 2664 1489 2695 loco

409 2719 493 2749 nihil
525 2717 718 2748 mutandum
750 2724 844 2756 esse,
888 2715 1025 2752 praeter
1060 2719 1261 2743 consensum
1292 2708 1491 2750 editionum,

411 2765 511 2796 docet
534 2762 695 2795 Horatius
717 2764 829 2792 Carni.
856 2761 890 2799 Ι,
920 2761 951 2790 3.

592 2810 833 2848 Nequit-quam
855 2806 953 2836 Deus
978 2801 1122 2833 abscidit

630 2854 789 2885 Prudens
812 2861 940 2884 oce-ano
965 2848 1205 2880 dissociabiles

598 2900 751 2938 Terras,
775 2902 809 2932 si
830 2904 944 2930 tamen
963 2897 1089 2935 impiae

630 2947 708 2977 Non
729 2945 905 2987 tangenda
926 2948 1022 2974 rates
1046 2942 1257 2973 transiliunt
1277 2942 1393 2972 vada.-

413 3006 466 3038 cui
500 3007 576 3037 loco
614 3004 725 3043 palam
758 3001 879 3034 alludit
911 3002 1046 3033 Noster.
1102 2998 1307 3030 Claudianus
1331 2998 1372 3028 de
1398 2997 1492 3035 Rapt.

411 3053 506 3084 Pros.
533 3054 569 3093 1,
595 3052 672 3082 ¹42.

941 3093 1036 3132 rupit
1063 3088 1215 3129 confinia
1244 3091 1377 3121 Nereus

508 3141 641 3178 Victor,
664 3146 700 3171 et
721 3139 885 3171 abscissos
913 3138 1070 3171 interluit
1094 3147 1242 3177 aequore
1268 3142 1397 3167 montes
1413 3149 1426 3170 .-

414 3184 470 3214 ubi
504 3185 587 3215 nihil
621 3186 754 3216 variant
777 3186 931 3217 Codices.
979 3183 1106 3215 Plinius
1136 3185 1212 3213 Nat.
1246 3183 1416 3226 Hist.1V‚
1460 3187 1490 3215 1.

416 3229 505 3260 Dein
531 3232 628 3261 sinus
663 3240 707 3261 ac
731 3230 933 3262 Leucadia:
973 3232 1053 3270 ipsa
1074 3229 1286 3269 peninsula,
1321 3232 1492 3269 quondam

1227 392 1416 442 No'rAs:
1450 406 1520 443 Ao
1547 376 1653 444 Lm.
1686 394 1764 444 111.
1794 397 1842 443 2.

1511 1351 1513 1353 ’
1559 1349 1663 1386 poeta
1701 1348 1925 1380 doctissimus.

1558 1394 1698 1424 multum
1727 1394 1763 1425 in
1783 1394 1892 1427 Statio
1922 1393 2144 1436 intelligendo
2177 1396 2362 1434 profecerit
2384 1397 2441 1436 qui
2471 1397 2555 1430 talis
2579 1404 2642 1428 au-
2691 1422 2693 1424 .

674 2143 761 2182 Quis
805 2140 910 2179 rude,
960 2142 996 2168 et
1023 2134 1206 2166 abscissum
1242 2135 1377 2164 miseris
1410 2134 1500 2171 ani-⁴

2514 423 2547 471 y
2560 410 2648 462 146'

1557 519 1692 552 Neritis
1724 518 1928 561 appellata,
1960 528 2064 560 opere
2086 522 2290 558 accolarum
2322 527 2469 561 abscissa
2500 539 2525 562 a
2557 539 2639 562 con-

1555 568 1693 599 tinente.
1718 564 1879 606 virgiuu-
1901 566 1985 597 Aen.
2004 567 2075 607 111,
2098 567 2179 600 417.

1834 613 1935 643 venit
1954 612 2063 643 medio
2086 613 2125 644 vi
2141 618 2300 655 pontus,
2324 621 2362 649 et
2386 609 2494 652 :indic

1645 656 1857 697 Hesperium
1885 657 2004 688 Siculo
2026 655 2122 691 latus
2157 657 2332 691 abscidit..

1555 702 1804 742 Indignandum
1840 712 1922 735 sane
1959 703 2047 734 hanc
2082 713 2200 736 vocem
2223 706 2400 738 abscissus
2423 708 2546 750 ubique
2569 710 2641 742 fere

1556 757 1578 780 a
1599 749 1682 780 viris
1706 749 1815 781 doctis
1837 749 2050 789 repudiatam
2071 759 2157 794 esse,
2181 751 2223 781 ut
2243 751 2354 784 locum
2375 753 2476 786 faciat
2495 754 2544 790 τῦ
2562 757 2644 789 abg-

1558 796 1680 834 cisus‚·
1706 796 1806 827 etiam
1833 795 1908 826 sine
1933 805 2056 836 causa,
2090 800 2126 829 et
2147 795 2205 828 ubi
2229 800 2418 837 praestaret
2438 792 2643 842 abscissus,-

1557 842 1596 871 ut
1631 841 1731 872 facile
1763 849 1900 880 possem
1931 843 2141 874 monstrare:
2183 844 2397 883 praesertim*
2415 844 2451 876 in
2479 846 2564 878 locis
2584 848 2643 879 nbi

1557 887 1743 925 requiritur
1765 888 1887 919 divisio
1901 896 1915 925 ‚-
1941 897 2039 927 quam
2066 889 2187 920 scindo
2217 891 2252 920 et
2277 890 2462 930 composita
2482 892 2556 931 ejus
2571 901 2645 932 ms-

1557 932 1623 964 lius
1642 935 1734 964 certe
1749 933 1943 973 exprimunt
1960 943 2058 973 quam
2074 936 2180 966 caedo
2194 937 2228 967 et
2243 935 2315 975 ejus
2330 936 2535 976 composita:
2553 939 2646 970 sein·-

1558 979 1639 1011 dere
1654 979 1744 1011 enim
1757 989 1819 1019 pro
1831 980 1986 1011 dividere
2000 980 2198 1013 tralatitium
2210 983 2273 1023 est,
2287 983 2322 1013 et
2333 982 2526 1022 primitivae
2538 981 2645 1024 nigni-

1557 1025 1744 1058 ficationis:
1778 1027 1920 1058 caedere
1947 1035 2014 1058 non
2041 1027 2108 1058 nisi
2138 1026 2173 1058 in
2193 1029 2407 1068 compositis,
2430 1031 2466 1061 et
2484 1037 2546 1070 per
2564 1038 2646 1062 oons-

1560 1080 1715 1111 sequens.
1747 1073 1815 1104 Sed
1839 1081 1955 1112 pergo.
1992 1073 2184 1105 Gronovius
2213 1074 2319 1106 Diatr.
2338 1084 2367 1106 c.
2385 1075 2525 1108 xxvu.
2542 1075 2645 1108 mirs-

1559 1120 1616 1149 tur
1635 1113 1867 1150 Eruditionem
1892 1117 1992 1151 Statii
2019 1119 2055 1149 in
2074 1129 2158 1151 voce
2184 1122 2451 1161 am’manto‘bus,·
2474 1125 2509 1153 et
2530 1121 2644 1162 cuipas

1559 1165 1689 1197 Doctos
1708 1165 1798 1203 quod
1813 1173 1885 1196 non
1901 1164 2050 1196 viderint
2067 1165 2155 1197 hanc
2172 1175 2289 1198 vocem
2310 1167 2467 1207 usurpari
2484 1167 2548 1200 hoc
2563 1167 2644 1200 loco

1559 1219 1622 1249 pro
1647 1212 1875 1242 terrestribus
1896 1212 2027 1242 tantum
2045 1212 2269 1253 animalibus,
2295 1215 2409 1253 utpote
2424 1223 2510 1253 quae
2523 1216 2643 1246 anima

1560 1265 1620 1287 seu
1650 1258 1888 1296 respiratione
1912 1258 2051 1288 utantur
2088 1267 2174 1297 quae
2202 1260 2364 1298 piscibus
2398 1269 2459 1292 scu
2489 1256 2643 1304 ἐνύδρως

1560 1299 1657 1342 ζώοις
1692 1311 1762 1333 non
1789 1305 1981 1342 competere
2006 1306 2169 1344 noverat,
2210 1304 2339 1347 inquit,
2380 1314 2426 1337 ex
2458 1305 2643 1338 Aristotele

1979 1349 2091 1380 Acuta
2124 1358 2207 1380 sane
2238 1350 2321 1382 baec
2352 1351 2568 1384 obser-ratio:
2609 1352 2644 1382 et

1560 1440 1680 1471 titheta
1705 1442 1826 1473 notare
1858 1440 1994 1481 poterit.
2031 1441 2091 1473 sed
2124 1442 2223 1473 nimis
2257 1445 2358 1474 acuta
2389 1444 2453 1475 hoc
2485 1444 2566 1475 loco
2588 1443 2642 1474 vi-

1560 1486 1670 1517 detur.
1694 1487 1784 1525 quod
1809 1486 1897 1518 enim
1918 1487 2126 1519 fundamenti
2157 1488 2234 1520 loco
2259 1497 2302 1519 ex
2325 1487 2508 1521 Aristotele
2529 1489 2645 1529 sumit,

1558 1532 1670 1571 pisces
1709 1542 1782 1564 non
1821 1535 1982 1574 spirare,
2037 1534 2100 1565 hoc
2142 1533 2193 1565 illi
2234 1534 2371 1574 negabit
2402 1535 2530 1569 Plinius
2563 1536 2642 1566 Nat.

1559 1578 1646 1608 Hist.
1679 1578 1749 1620 IX,
1783 1580 1816 1610 7.
1852 1580 1887 1609 et
1927 1577 2017 1617 quod
2055 1579 2136 1610 dicit
2176 1582 2363 1615 terrestria
2396 1583 2528 1614 tautum
2561 1583 2641 1613 ana·-

1558 1625 1669 1655 malu‘a
1708 1624 1771 1656 hac
1810 1633 1894 1656 voce
1938 1624 2130 1666 designari,
2183 1625 2354 1658 interdum
2385 1628 2534 1670 veyrum
2568 1628 2641 1667 est,

1558 1669 1725 1701 interdum
1768 1679 1858 1702 non:
1908 1670 1997 1709 quod
2031 1670 2160 1702 videbis
2197 1680 2241 1703 ex
2280 1673 2358 1704 loco
2393 1670 2566 1705 Ciceronis
2597 1672 2640 1703 de

1558 1715 1690 1747 Amicit.
1714 1726 1743 1747 c.
1766 1716 1858 1746 XXI.
1887 1716 1988 1754 Quod
2002 1720 2038 1748 si
2059 1718 2125 1749 hoc
2147 1725 2302 1758 apparet
2321 1721 2358 1750 in
2385 1720 2520 1761 bestiis,
2543 1718 2640 1749 voln-

1559 1764 1695 1802 eribus,
1721 1768 1911 1798 NANTlBUfl,
1935 1763 2136 1804 agrestibus,
2159 1764 2340 1805 cicuribus,
2353 1765 2468 1807 seris,
2484 1763 2641 1806 primunt

1558 1812 1601 1838 at
1638 1817 1675 1839 se
1706 1808 1852 1848 diligant
1888 1809 2014 1847 ipsae,
2065 1810 2123 1848 <id
2151 1812 2245 1841 enim
2273 1812 2411 1850 pariter
2442 1821 2518 1844 eum
2549 1812 2644 1842 omns·

1557 1861 1744 1884 ΑΝΙΜΑΝΤΕ
1779 1855 1960 1886 nascitur)
1994 1854 2114 1885 deinde
2148 1859 2189 1886 ut
2223 1858 2410 1896 requirant
2439 1863 2544 1900 atque
2574 1866 2640 1897 ap-

1552 1905 1684 1937 petant
1707 1900 1755 1930 ad
1778 1908 1864 1939 quas
1890 1907 1928 1929 se
1959 1899 2137 1939 applicent
2154 1900 2304 1940 ejusdem
2324 1905 2466 1942 generis
2487 1909 2643 1936 amma*-

1556 1953 1645 1983 'rss3
1672 1950 1803 1985 quanto
1829 1946 1867 1976 id
1889 1946 1998 1986 magis
2021 1947 2057 1977 in
2082 1946 2215 1978 bomine
2238 1948 2287 1978 sit
2308 1948 2443 1980 natura
2469 1952 2534 1982 etc.
2582 1950 2642 1983 vi-

1557 1991 1617 2022 des
1638 1996 1763 2022 nantes
1799 1999 1857 2022 seu
1884 1989 1993 2029 pisces
2022 1991 2112 2023 inter
2137 1995 2337 2025 animantes
2361 1995 2461 2034 plane
2484 2005 2643 2030 uulnera-

1556 2037 1599 2068 ri.
1653 2037 1822 2068 Nimirum
1868 2045 1928 2076 per
1966 2036 2032 2068 ista
2068 2040 2206 2071 miseris
2241 2041 2477 2074 animantibus
2511 2043 2641 2077 StatIus

1557 2082 1717 2122 intelligit
1751 2092 1822 2115 non
1855 2082 1968 2114 omnia
1999 2087 2186 2116 terrestria
2209 2087 2400 2128 animalia,
2448 2088 2508 2120 sed
2530 2090 2638 2122 homi.

1558 2140 1620 2161 nes
1643 2129 1860 2170 simpliciter,
1888 2138 1958 2159 non
1986 2131 2057 2161 ullo
2083 2132 2279 2170 pulmonum
2303 2136 2362 2164 aut
2386 2133 2640 2175 respirationis

1559 2177 1737 2216 respectu,
1783 2175 1843 2206 sed
1874 2175 1960 2214 quod
1985 2178 2106 2208 anima
2129 2177 2163 2208 id
2189 2179 2241 2208 est
2268 2179 2344 2210 vita
2368 2181 2518 2212 utuntur.
2544 2184 2640 2225 patet

1558 2222 1622 2253 hoc
1662 2230 1707 2252 ex
1737 2221 1886 2259 epitheto
1918 2223 2070 2263 miseris,
2114 2224 2200 2262 quod
2228 2233 2303 2255 cum
2328 2223 2378 2268 τῷ
2404 2223 2640 2261 ammantibus

1561 2268 1778 2307 conjunctum
1802 2267 2079 2307 significationem
2104 2270 2144 2300 ad
2169 2270 2322 2302 homines
2346 2264 2548 2315 restringit?
2577 2277 2641 2308 uu·-

1561 2324 1644 2346 sera
1663 2313 1752 2344 enim
1787 2316 1986 2345 animant-la
2008 2310 2092 2348 κατ’
2120 2313 2238 2359 ἐξοχὴν
2256 2316 2408 2350 homines
2430 2316 2541 2361 poetis
2562 2329 2640 2361 pas-

1560 2361 1625 2391 sim
1650 2359 1820 2391 dicuntur.
1867 2362 1992 2392 Noster
2015 2361 2118 2392 Theb.
2141 2363 2203 2400 111,
2230 2363 2325 2394 551.>

2092 2409 2181 2438 unde
2208 2409 2277 2439 iste
2292 2417 2362 2448 per
2379 2407 2493 2440 orbem

1649 2451 1790 2482 Primus
1815 2454 1959 2483 venturi
1979 2451 2112 2484 miseris
2140 2452 2362 2485 animantibus
2387 2463 2492 2496 aeger

1655 2499 1775 2528 crevit
1793 2506 1892 2527 amor
1904 2496 1922 2528 ?

1560 2542 1604 2574 ad
1627 2553 1713 2582 quae
1740 2545 1844 2574 vetus
1870 2539 2094 2574 Scholnstes:
2124 2550 2264 2574 ursani·
2283 2547 2548 2586 Asinum-iaus]
2573 2547 2643 2579 Ho-

1559 2589 1726 2629 minibus,
1781 2590 1842 2628 qui
1864 2589 1948 2630 fere
1981 2589 2169 2620 miserrimi
2200 2592 2294 2621 inter
2326 2592 2499 2623 animalia
2533 2601 2641 2633 super

1560 2640 1702 2666 terram.
1749 2633 1885 2664 Infinita
1919 2635 1988 2664 tum
2014 2635 2127 2665 Nostri
2155 2637 2225 2666 tum
2250 2636 2391 2667 aliorum
2421 2638 2497 2669 loca
2520 2638 2642 2671 adduci

1560 2682 1719 2720 possunt,
1756 2680 1813 2710 ubi
1847 2687 1914 2710 vox
1942 2681 2174 2712 animansibus
2202 2691 2263 2720 per
2288 2691 2324 2713 se
2345 2683 2512 2722 significat
2534 2685 2642 2718 home·-

1560 2728 1685 2765 nibus‚·
1721 2734 1788 2756 nou
1813 2727 1850 2756 ut
1870 2729 2084 2764 opponantur
2104 2726 2345 2769 Aquatilibus,
2378 2731 2438 2761 sed
2460 2730 2541 2770 quia
2563 2734 2643 2764 ani-

1561 2782 1635 2803 mas
1658 2772 1806 2811 habent,
1841 2774 1878 2802 ut
1902 2773 1987 2804 bene
2012 2773 2166 2804 Lutatius
2191 2774 2409 2818 scholiastes,
2444 2775 2541 2816 quem'
2564 2777 2640 2810 vide

1562 2819 1604 2850 ad
1626 2818 1728 2849 Theb.
1752 2818 1811 2847 XI.
1834 2818 1913 2848 465.
2488 2851 2490 2853 .

1653 2865 1745 2903 Quid
1770 2873 1840 2903 me,
1886 2864 1958 2900 ait,
1994 2868 2034 2895 ut
2062 2866 2179 2897 saevis
2205 2865 2435 2909 animantum,
2470 2877 2517 2901 ac
2539 2876 2643 2911 saepe

1783 2910 1932 2940 Deorum
2263 2918 2265 2921 ’
2559 2918 2565 2931 ³
2594 2939 2604 2948 ,

1656 2953 1882 2986 obstaturam
1907 2956 2052 2996 animis,
2071 2948 2237 2996 princeps
2263 2958 2408 2989 Natura
2430 2955 2609 2990 maban!

1563 3000 1618 3030 ubi
1641 3002 1741 3039 plane
1766 3002 1906 3040 opponit
1928 3010 2142 3033 ANJMANTUM
2168 3003 2201 3034 id
2228 3006 2279 3034 est
2299 3003 2488 3043 hominum,
2512 3003 2548 3034 et
2570 3004 2642 3034 Ds-

1562 3054 1673 3077 onuu.
1729 3048 1820 3078 Nihil
1852 3048 1953 3088 igitur
1988 3057 2031 3079 ex
2061 3048 2177 3080 intima
2207 3049 2414 3089 philosophia
2448 3050 2483 3078 st
2505 3048 2546 3080 de
2571 3048 2643 3080 Re-

1563 3095 1755 3132 spiratione
1787 3094 1822 3124 in
1857 3095 1918 3125 hoc
1944 3094 2020 3126 loco
2045 3103 2207 3134 quaeras:
2246 3095 2304 3126 sed
2327 3092 2522 3133 simpliciter
2544 3102 2639 3126 sume

1561 3141 1697 3170 miseris
1732 3142 1969 3172 animantibus
2008 3150 2069 3180 pro
2095 3141 2300 3172 hominibus.
2343 3139 2400 3172 Sic
2422 3138 2457 3169 in
2483 3147 2524 3170 eo
2548 3141 2640 3180 quod

1560 3186 1730 3225 sequitur,
1757 3188 1949 3227 pelagoque
1971 3188 2113 3224 immisit
2136 3193 2312 3218 mamas:
2350 3185 2507 3225 „Eadem
2529 3187 2635 3217 ratio-

1560 3252 1582 3271 „
1595 3241 1658 3273 ne,
1697 3231 1804 3270 inquit
1825 3232 2033 3271 Gronovius,
2062 3231 2201 3263 hiantes
2224 3234 2275 3261 est
2302 3232 2516 3269 respirantes
2532 3242 2544 3262 :
2566 3233 2636 3263 Au-

2726 3172 2755 3196 ὣς
