2892 3840
393 398 490 446 316

525 516 600 554 'His
622 530 761 561 parvus
785 517 872 564 (nisi
899 518 1018 550 deviae
1044 514 1218 559 vetarent)

393 567 482 598 unde
512 567 569 598 ille
594 568 695 609 feeit,
721 569 793 598 nisi
809 565 958 596 Lechn'ae
980 567 1149 593 vetarent.
1198 563 1269 592 Hoc
1291 561 1477 592 Hermolao

394 619 429 646 et
454 614 622 645 Politiano
649 614 891 653 improbatum,
941 610 974 638 et
1001 618 1062 647 pro
1088 617 1129 639 eo
1151 608 1275 639 lectum
1302 607 1478 647 Scaligero

393 662 467 692 nixi
498 660 695 692 Cenchreae
729 661 899 689 vetarent.
955 655 1022 685 Sed
1049 655 1083 684 et
1107 655 1171 684 boc
1196 653 1359 693 spongiae
1382 653 1480 684 incu-

393 707 485 744 bust,
528 709 564 738 et
586 704 748 737 successit
774 705 821 733 M.
846 699 1003 741 Musuri,
1049 702 1123 732 nisi
1144 710 1202 732 res
1227 710 1338 731 novae
1361 706 1479 731 vetas-

392 757 479 785 sent.
529 752 662 785 Caelius
695 746 901 785 Rhodiginus
935 746 1094 784 scriptam
1117 747 1298 779 lectionem
1323 745 1477 786 retinuit,

393 802 427 829 et
453 807 514 838 per
544 799 662 829 devias
694 792 837 831 intelligi
870 792 978 823 voluit
1011 793 1195 834 ambages,
1244 792 1366 831 quibus
1391 801 1478 822 nau-

393 850 449 876 tae
473 841 678 874 ‘necessario
706 838 890 877 circumagi
924 839 1114 869 debuerunt
1137 839 1180 869 ad
1203 839 1356 878 rapidum
1381 838 1477 868 illum

392 889 493 921 maris
525 891 652 919 fluxum
686 885 872 916 vitandum.
931 884 1062 916 Deinde
1086 885 1238 916 Alciatus
1261 885 1364 924 legit,
1409 885 1482 915 nixi

392 936 517 966 Deliae
556 937 742 971 vetarent,
787 930 1024 962 subintellecta
1062 939 1145 962 voce
1173 935 1297 962 sorbes.
1344 931 1479 961 Turne-

391 984 487 1020 bus,
513 979 587 1011 His
620 979 774 1018 palmis,
825 977 899 1007 nisi
922 978 1048 1009 Delius
1074 982 1237 1008 vetaret:
1284 976 1478 1017 Gevartius,

391 1024 539 1064 trajectis
567 1023 703 1064 verbis,
728 1021 880 1053 Lechiae
907 1025 982 1054 nisi
1007 1028 1178 1054 velarent.
1224 1023 1372 1053 Tandem
1393 1024 1480 1053 Gro-

387 1071 510 1103 novius
555 1080 628 1101 cum
664 1069 812 1100 maxima
846 1069 993 1100 omnium
1033 1068 1347 1109 verisimilitudine,
1404 1068 1477 1100 115⁸

383 1125 519 1158 parvus
556 1116 724 1156 (Lecht'ae
757 1115 847 1146 nihil
877 1117 1056 1151 vetarent)
1094 1118 1158 1147 etc.
1205 1115 1364 1146 Heinsius
1388 1115 1477 1145 euim

387 1165 567 1195 Adversar.
601 1162 639 1193 in
676 1162 799 1193 Tibull.
832 1161 922 1193 Edit.
948 1162 1134 1193 Broukhus.
1160 1160 1340 1194 infeliciter
1365 1163 1479 1193 tenta-

389 1212 496 1251 verat,

522 1252 592 1285 His
612 1262 686 1293 par
707 1254 771 1284 vix
797 1250 972 1290 (Lecln'ae
995 1252 1086 1285 nihil
1102 1255 1280 1285 vetarent)

387 1301 462 1342 vel,
485 1299 554 1331 Ηῐε
585 1302 725 1340 impam·
757 1299 831 1340 vel,
863 1299 936 1331 Vix·
957 1309 1031 1339 par
1052 1301 1136 1332 his.-
1158 1299 1272 1330 omnia
1296 1299 1397 1337 longe
1426 1296 1480 1327 in-

386 1350 439 1380 fra
474 1346 611 1386 genium
642 1344 876 1377 Heinsianum.
931 1347 1114 1377 Tentemus
1148 1347 1183 1375 et
1206 1354 1280 1378 nos.
1328 1344 1478 1375 Primum

387 1396 509 1435 igitur,
534 1400 592 1423 ms
616 1398 757 1423 PARvus
784 1392 893 1422 [nilus
923 1393 1073 1423 Isthmos
1100 1393 1244 1431 probum
1269 1392 1332 1420 est.
1380 1390 1478 1420 Clau·

388 1442 507 1473 dianus
533 1440 590 1469 IV.
616 1441 715 1468 cons·
738 1440 869 1468 Honor.
894 1445 927 1468 v,
954 1439 1035 1468 474.

480 1485 593 1519 Gens,
621 1494 691 1523 qua
715 1492 784 1513 non
813 1481 999 1520 Scythicos
1028 1481 1195 1521 dcgffusIor
1218 1478 1294 1509 ulla
1327 1479 1476 1510 Triones

477 1530 652 1570 Incoluz'c,
674 1531 733 1558 cui
764 1534 905 1558 navus
933 1526 1056 1567 Athos,
1080 1530 1301 1566 angustaque
1328 1525 1476 1556 Thrace.

388 1576 528 1609 Ovidius
552 1576 634 1606 Met.
658 1575 749 1612 VIII,
775 1574 856 1603 699.

478 1623 550 1653 Illa
574 1625 675 1651 vetus
705 1625 852 1650 nonnus
881 1618 984 1648 etiam
1014 1625 1104 1647 casa
1127 1621 1249 1647 PARVA
1271 1616 1404 1647 duobus

484 1668 641 1699 Vertitur
663 1667 699 1696 in
726 1665 895 1704 templum.

502 1715 599 1746 Iocus
629 1718 785 1743 exiemus
818 1715 956 1741 rorum
982 1709 1119 1739 Metam.
1144 1709 1201 1748 IV,
1223 1708 1305 1739 441,
1327 1713 1477 1737 ΑιιοτΑΜ

733 1759 859 1788 Noster
881 1755 982 1785 Theb.
1007 1755 1068 1794 XI,
1093 1754 1173 1784 273.
1202 1761 1395 1785 Ascns‘rmi
1421 1761 1478 1783 TI-

389 1723 456 1754 sic,

389 1768 529 1791 clleUS
557 1759 691 1800 urbem,

390 1815 423 1837 m
448 1815 579 1845 nemus,
606 1804 675 1845 IX,
698 1805 776 1834 718.
802 1808 969 1833 ANGUSTA
999 1801 1157 1830 Tartara
1183 1806 1334 1840 POENIS,
1367 1800 1393 1837 1,
1419 1800 1474 1829 50.

389 1853 504 1883 Tl'rro
521 1852 651 1892 jugera
676 1857 793 1879 PAUCA
820 1857 961 1882 novem,
985 1845 1180 1884 Propertius
1209 1848 1269 1885 111,
1301 1847 1332 1877 3.
1357 1853 1477 1875 nume-

390 1908 451 1929 rns
475 1902 662 1929 ANGUSTUS
691 1902 849 1934 norom,
872 1896 1004 1926 Seneca
1026 1891 1148 1923 Medea
1174 1899 1206 1922 v·
1236 1894 1336 1922 1011.
1381 1891 1478 1920 HER-

389 1951 468 1974 cum
504 1949 696 1974 ANGUSTUM
730 1950 870 1981 rogam,
921 1939 1010 1969 idem
1045 1939 1146 1968 Herc.
1186 1939 1261 1968 Oet.
1297 1945 1330 1967 v.
1375 1936 1476 1967 1638.

389 1990 479 2021 Nihil
502 1989 605 2029 igitur
628 1987 679 2019 hir.
702 1987 909 2017 mutandum.
947 1987 1024 2015 Jam
1044 1983 1086 2014 ad
1110 1984 1256 2015 alterum
1279 1983 1475 2023 membrum,

390 2036 541 2067 Leche'ae
575 2036 652 2065 nisi
686 2038 861 2064 vetarent.
916 2032 992 2062 Hoc
1015 2030 1142 2069 placuit
1169 2029 1330 2061 Gevartio
1356 2028 1474 2068 Papin.

389 2084 482 2113 Lect.
515 2083 581 2121 IV,
610 2082 643 2111 6.
689 2080 757 2111 Sed
781 2078 1022 2110 absurditatem
1048 2078 1133 2107 bene
1159 2075 1362 2108 monstravit
1388 2077 1477 2106 Gro-

390 2129 510 2160 novius
542 2127 652 2158 Diatr.
682 2136 709 2156 c.
728 2126 800 2156 XL.
849 2123 971 2165 „Quid
1002 2123 1117 2154 enim.²
1164 2122 1293 2162 inquit:
1337 2118 1402 2152 hae
1425 2122 1476 2152 tot

392 2183 541 2216 „manus
570 2172 796 2211 perfodissent
822 2172 995 2209 Isthmon,
1033 2168 1099 2199 nisi
1121 2168 1193 2199 illis
1214 2170 1364 2199 obstaret
1386 2167 1476 2198 idem

390 2221 514 2262 „quod
552 2218 778 2249 anterioribus
811 2217 867 2255 qui
890 2216 1030 2247 eandem
1054 2224 1126 2246 rem
1148 2215 1345 2246 tentarunt!
1387 2213 1477 2250 Quid

392 2276 506 2308 „ergo
527 2274 684 2305 maguum
703 2264 757 2294 hic
777 2263 818 2294 de
837 2261 1020 2294 Domitiani
1040 2260 1194 2292 manibus
1211 2261 1353 2298 dicitur,
1372 2260 1399 2290 si
1422 2259 1477 2290 ni-

393 2313 472 2354 „hil
507 2320 565 2343 eas
599 2319 702 2350 supra
736 2310 866 2348 priores
900 2309 1051 2348 potuisse
1089 2307 1217 2339 audio?
1261 2309 1377 2346 Apage
1408 2308 1477 2336 tam

393 2359 575 2400 „ineptum
609 2365 754 2389 sensum.
790 2356 897 2394 majus
926 2354 995 2385 diei
1034 2354 1160 2385 debuit.
1207 2354 1352 2393 Scripsit
1375 2351 1477 2391 Papi-

392 2426 416 2447 „
427 2405 524 2446 nius,
549 2403 577 2433 si
601 2404 681 2442 quid
706 2402 827 2433 video:

527 2450 597 2480 Hcs
617 2457 756 2489 parvus
786 2444 947 2489 (Lechiae
972 2443 1058 2475 nihil
1085 2441 1258 2487 vetarent)

528 2496 637 2527 Ino’us
660 2497 766 2538 freta
789 2493 990 2524 miscuisset
1015 2489 1178 2521 Isthmos.

394 2541 487 2583 „hoc
523 2543 596 2582 est,
642 2541 671 2570 si
706 2542 743 2570 tu
774 2540 901 2577 velles,
950 2539 1096 2576 Caesar,
1142 2535 1206 2566 hae
1236 2541 1355 2564 manus
1378 2532 1478 2564 facile

395 2610 416 2629 „
427 2588 598 2628 Isthmum,
625 2595 767 2625 parvum
785 2585 868 2624 jam,
896 2591 959 2613 nec
986 2581 1098 2621 magni
1121 2580 1234 2621 operis
1260 2581 1478 2619 censendum,

393 2655 416 2675 ,,
429 2635 668 2674 perfoderent:
716 2641 780 2662 nec
806 2630 978 2661 obstarent
1003 2628 1084 2668 ipsis
1110 2626 1275 2667 Lechiae,
1308 2635 1395 2664 quae
1421 2634 1478 2656 ce-

395 2681 510 2721 „teris
533 2678 814 2718 inexpugnabiles
851 2678 966 2715 fuere,
1011 2676 1069 2705 aut
1094 2683 1179 2713 quae
1205 2671 1388 2703 maximum
1416 2680 1477 2701 ne·

395 2727 555 2767 „gotium
585 2725 749 2755 facerent.
805 2725 922 2754 Ortum
956 2720 1074 2751 vitium
1104 2729 1147 2750 ex
1182 2718 1351 2749 scribendi
1378 2726 1481 2758 ‚com-

396 2773 573 2813 „pendio‚
615 2771 704 2810 quod
733 2769 927 2807 saepissime
960 2766 995 2797 in
1035 2768 1115 2797 vett.
1139 2765 1218 2795 libb.
1240 2765 1316 2795 nisi
1333 2765 1368 2794 et
1393 2762 1483 2793 m’hil

397 2818 623 2859 „confudisse
647 2816 710 2857 ipsi
737 2813 1028 2847 observavimus.“
1073 2812 1205 2851 Optima
1228 2810 1361 2848 quidem
1383 2809 1479 2846 haee,

398 2867 432 2895 et
466 2865 572 2898 Statio
612 2865 647 2895 et
689 2861 863 2894 Gronovio
896 2859 1020 2898 digua:
1074 2868 1137 2888 nec
1169 2857 1284 2887 dubito
1320 2855 1401 2895 quin
1435 2854 1479 2886 ad

398 2910 486 2943 hunc
511 2919 646 2943 sensum
669 2908 846 2948 scripserit
871 2908 1005 2938 Noster.
1027 2907 1134 2936 restat
1157 2905 1268 2934 tamen
1286 2902 1364 2933 mihi
1385 2911 1481 2933 seru-

400 2958 497 2995 pulus
529 2967 596 2988 non
620 2955 718 2995 parvi
742 2953 902 2985 momenti
928 2952 963 2982 in
998 2961 1082 2982 voce
1122 2951 1301 2980 bremae:
1344 2949 1380 2979 in
1413 2957 1480 2987 qua

400 3004 577 3035 retinenda
600 3003 700 3033 video
726 3010 844 3033 omnes
868 2998 1060 3030 consentire
1086 2998 1221 3036 praeter
1238 2994 1372 3026 unicum
1389 2997 1481 3025 Mar-

402 3057 475 3079 cum
498 3053 694 3087 Musurum3
719 3048 774 3086 qui
799 3048 834 3078 in
857 3043 1104 3084 Orthographia
1124 3040 1297 3078 Statiami,
1321 3043 1480 3082 „Notan-

406 3095 534 3136 „dum‚
568 3095 693 3135 inquit,
728 3094 909 3125 Lechaeae
933 3100 1006 3122 esse
1032 3100 1099 3121 non
1125 3098 1224 3128 posse
1250 3091 1387 3129 propter
1408 3097 1480 3117 me-

410 3141 544 3178 ‚‚trum:
584 3141 632 3171 Le
657 3139 744 3171 enim
772 3139 904 3175 brevis,
941 3141 974 3168 et
1002 3138 1088 3168 chae
1112 3138 1231 3175 longa,
1270 3135 1479 3174 repugnant:

406 3186 506 3222 „tum
541 3195 609 3216 non
646 3185 826 3216 Lechaeae
857 3185 917 3215 sed
948 3183 1111 3214 Lechaea
1133 3183 1256 3212 neutro
1282 3190 1406 3221 genere
1432 3180 1482 3211 di-

409 3229 628 3271 ‚‚ceudum.“
675 3231 719 3261 Et
742 3240 824 3261 sane
850 3239 967 3261 verum
999 3229 1100 3261 dicit:
1127 3227 1265 3259 Graecis
1289 3227 1376 3258 enim
1401 3236 1481 3270 per-

1262 391 1451 461 NosrAs
1478 403 1547 440 AD
1580 391 1685 440 Lis.
1705 389 1857 439 IV.13.

2504 414 2629 466 520³

1547 517 1651 557 petuo
1672 517 1817 548 vocatur
1841 515 1895 548 hic
1917 516 2037 556 portus
2058 516 2133 551 sive
2150 522 2416 558 promontorium
2429 549 2438 563 ,
2467 524 2631 567 Affjfmov,

1546 572 1618 594 non
1637 562 1814 604 Λεχαιαίε
1870 562 1920 594 ita
1942 564 2084 605 Strabo,
2129 563 2360 605 Ptolemaeus,
2396 570 2631 612 Philostratus,

1546 609 1738 646 Lucianus,
1781 617 1910 647 omnes,
1956 609 2014 642 Sic
2037 610 2138 642 etiam
2162 612 2276 644 Latini
2301 612 2512 659 Lechaeum,
2557 627 2630 650 non

1547 654 1749 696 Lechaceu,
1781 657 1926 694 excepto
1949 655 2084 696 Plinio,
2113 656 2170 695 qui
2193 659 2270 690 Nat.
2294 659 2380 690 nist.
2404 663 2463 702 IV,
2481 664 2516 694 4.
2562 665 2634 694 las:-

1547 709 1664 732 cusAn
1690 701 1794 742 hinc,
1835 701 2034 733 Cenchreae
2055 703 2177 744 illinc,
2211 707 2455 747 angustiarum
2477 711 2628 741 termini.

1547 748 1593 778 Et
1630 757 1659 778 c.
1689 749 1729 778 V.
1758 749 1900 787 primae
1921 749 1971 779 iba·
1994 758 2083 788 quas
2105 749 2256 781 ‹Ii-rimus
2282 751 2471 791 lmen-sss,
2513 755 2630 786 arsu-

1545 794 1695 825 thiorum
1725 799 1864 832 porcus.
1903 793 2023 833 quibus
2054 797 2167 826 tamen
2190 795 2228 827 in
2250 795 2336 828 locis
2361 797 2557 830 mensuum
2579 802 2632 832 est

1546 839 1582 870 in
1612 838 1765 878 margine
1798 839 1956 870 editionis
1987 849 2053 879 qna
2083 844 2181 879 utor3
2224 842 2339 875 nescio
2371 852 2414 873 an
2449 852 2493 874 ex
2524 844 2628 876 libris.

1546 885 1658 917 Ceteri
1684 894 1821 926 omnes,
1847 885 1989 926 opinor,
2015 890 2210 919 constanter
2237 887 2459 921 Lechaeum:
2486 889 2533 921 ita
2558 897 2633 922 cer-

1547 935 1580 963 te
1604 933 1729 963 Noster
1755 932 1860 965 Theb.
1885 933 1931 974 11,
1954 932 2031 964 380.

2100 980 2265 1020 irataque
2295 983 2413 1011 terrae

1641 1024 1760 1053 Curva
1782 1023 2010 1055 Palaemonio
2033 1025 2227 1057 secluditur
2254 1027 2350 1057 unda
2373 1027 2563 1058 LEanlm:

1546 1077 1590 1100 ne
1623 1070 1769 1100 referam
1802 1069 1998 1101 innumeros
2028 1071 2208 1102 Poetarum
2238 1073 2273 1103 et
2306 1072 2552 1104 Historicorum
2579 1071 2632 1103 lo-

1547 1124 1605 1146 cos
1643 1115 1676 1146 in
1710 1115 1829 1154 quibus
1864 1115 1947 1147 haec
1982 1124 2053 1147 vox
2078 1115 2277 1149 Lechaeum
2299 1118 2499 1151 invenitur.'
2528 1116 2631 1150 Mini-

1545 1171 1600 1193 me
1615 1161 1737 1193 dubito
1762 1161 1844 1201 quin
1863 1161 2021 1205 Staytius
2044 1163 2230 1204 scripserit,

1681 1208 1752 1238 His
1773 1217 1932 1249 parvus,
1960 1209 2106 1240 [11:13qu
2131 1210 2226 1242 nihil
2250 1216 2431 1252 VETANTE,

1683 1254 1794 1285 Iniiue
1813 1254 1919 1296 fieta
1939 1256 2141 1287 miscuisset
2169 1255 2343 1288 Isthmos.-

1546 1295 1681 1329 Lecheo
1705 1309 1765 1331 seu
1794 1299 1937 1337 Lechae‘o,
1960 1299 2094 1342 (parum
2120 1301 2211 1333 enim
2229 1299 2384 1344 interest)
2408 1298 2504 1340 quasi
2525 1298 2632 1330 Grae-

1548 1353 1623 1374 cum
1663 1348 1755 1374 esset
1796 1345 1927 1386 Λέχεον
1960 1354 2019 1376 seu
2051 1347 2190 1389 Λέχιον.
2245 1349 2372 1379 Notum
2394 1348 2446 1377 est
2470 1347 2631 1385 quantum

1547 1389 1584 1419 in
1617 1389 1667 1419 his
1700 1389 1876 1422 vocabulis
1908 1390 2048 1422 Graecis
2083 1392 2147 1423 sibi
2176 1393 2374 1432 indulgeant
2396 1393 2517 1431 poetae
2539 1389 2634 1421 Lati-

1546 1435 1601 1473 ni,
1631 1435 1788 1468 elidendo
1816 1436 1950 1467 literam
1974 1437 2032 1468 vel
2056 1439 2239 1479 syllabam,
2283 1439 2419 1478 longam
2446 1435 2633 1476 corripien-

1547 1481 1611 1519 do,
1649 1482 1785 1513 brevem
1828 1482 2057 1520 producendo.
2113 1485 2166 1515 Ita
2207 1484 2277 1516 Cal.
2309 1485 2469 1515 Decemb.
2502 1491 2536 1515 v.
2576 1482 2631 1513 15.

1545 1527 1713 1604 {Eboiea5l
1735 1538 1809 1559 cum
1840 1529 1970 1604 graece
1998 1529 2043 1560 sit
2057 1526 2230 1573 ’.Εβοῦσος
2262 1531 2318 1561 vel
2333 1525 2519 1574 ’Ἠβουσος.
2541 1530 2632 1560 Gon-

1560 1582 1600 1604 ra
1653 1594 1662 1611 ‚
1716 1594 1725 1603 .
1751 1583 1784 1606 v.
1815 1575 1833 1603 7
1862 1595 1870 1604 .

1635 1618 1744 1648 Hunc
1780 1618 1913 1650 Galatia
1939 1620 2059 1660 vigens
2085 1629 2178 1651 ama
2205 1625 2260 1652 est
2281 1621 2455 1652 incessere
2474 1618 2586 1658 bello,-

1545 1663 1640 1704 quasi
1668 1665 1758 1696 esset
1781 1661 1981 1703 Γαλάτεια,
2004 1674 2072 1696 uon
2094 1666 2261 1699 Γαλατᾶκ.
2308 1668 2436 1698 lterum
2452 1661 2632 1696 Achilleid-

1543 1712 1572 1752 1,
1595 1711 1676 1742 408.

1822 1756 2016 1787 undisonae
2039 1765 2123 1797 quos
2148 1757 2306 1788 continet
2325 1756 2424 1788 umbo
2446 1755 2601 1788 Maleae:

1546 1802 1582 1832 at
1603 1800 1686 1833 silv,
1714 1801 1739 1840 1,
1764 1800 1795 1831 3.
1820 1810 1852 1831 v.
1877 1801 1932 1832 97.
1956 1801 2048 1842 dicit,

1639 1847 1682 1877 Si
1702 1846 1835 1877 Maleae
1860 1847 2032 1879 credenda
2054 1848 2147 1879 ratis
2160 1868 2171 1888 ‚
2199 1846 2400 1888 Siculosque
2418 1856 2487 1887 per
2507 1850 2631 1879 aestus

1638 1892 1696 1923 sit
1718 1893 1799 1921 via:

1545 1938 1642 1977 quasi
1675 1939 1818 1976 utroque
1855 1937 1958 1969 modo
1995 1935 2119 1969 Graeci
2151 1936 2305 1969 dicerent
2329 1937 2458 1971 Μαλέα
2480 1937 2515 1968 et
2540 1932 2631 1970 Mol-

1544 1985 1628 2018 λεια.
1676 1983 1733 2018 Sic
1761 1983 1851 2022 apud
1874 1984 1947 2015 val.
1971 1984 2129 2015 Flaccum
2156 1986 2217 2024 Ill,
2243 1985 2298 2016 36.
2323 1983 2484 2015 Heinsius
2503 1982 2589 2023 legIt

1905 2031 2039 2073 fracta
2061 2030 2248 2070 Scylaceon
2280 2031 2386 2070 unda,

1545 2085 1620 2107 cum
1648 2076 1814 2105 Graecum
1854 2074 1897 2105 sit
1923 2076 2143 2109 Σκυλακεῖον.
2189 2076 2234 2106 Et
2256 2076 2318 2108 hae
2343 2075 2498 2107 libertate
2527 2082 2634 2106 exeu-

1546 2122 1616 2153 sari
1639 2123 1750 2160 potest
1773 2122 1899 2153 Noster
1922 2122 2005 2153 Silv.
2030 2124 2057 2163 1,
2084 2123 2117 2155 3.
2143 2131 2175 2153 v.
2203 2123 2263 2154 95.

1634 2168 1739 2198 Haec
1766 2176 1835 2206 per
1874 2173 1910 2199 et
1941 2167 2102 2210 Aegaeas
2132 2168 2263 2201 hiemes
2286 2166 2506 2207 Pliadumque
2529 2168 2632 2200 nivo-

1767 2222 1844 2244 sum

1639 2257 1743 2289 Sidus
1770 2260 1834 2289 etc.

1547 2304 1642 2343 quasi
1667 2305 1756 2335 esset
1778 2303 1931 2342 Πλίαδες
1955 2304 2011 2335 vel
2036 2300 2207 2346 Πλεάδες,
2230 2314 2300 2336 non
2323 2299 2519 2341 Πλειάδεςε
2550 2300 2630 2334 vide

1547 2360 1634 2389 quae
1665 2349 1710 2381 ibi
1746 2350 1917 2382 annotavi.
1974 2352 2026 2382 Ita
2063 2350 2187 2395 Τρίκην
2218 2353 2387 2383 Homerus
2411 2348 2507 2380 Iliad.
2541 2346 2572 2380 ὃ.
2595 2355 2629 2379 ν.

1547 2398 1627 2429 202.
1674 2406 1772 2435 quam
1813 2399 1926 2427 tamen
1964 2396 2126 2436 catalogo
2170 2397 2307 2429 navium
2351 2404 2385 2426 v.
2418 2394 2500 2426 236.
2527 2393 2629 2425 vocat

1551 2444 1708 2487 Τρίκκην.
1734 2445 1860 2474 Contra
1882 2436 2032 2487 Θεῶφιλε
2056 2451 2122 2481 pro-
2142 2439 2287 2487 Θεόφιλε
2311 2441 2494 2479 Antholoss·
2517 2440 2546 2476 1»
2571 2441 2628 2472 25-

1481 2484 1485 2487 “
1547 2498 1581 2528 p.
1612 2490 1667 2520 23.
1693 2489 1748 2519 ubi
1785 2490 1886 2529 vulgo
1914 2489 2001 2519 male
2023 2488 2148 2527 legitur
2171 2487 2246 2531 θεῷ
2270 2487 2371 2529 φίλε,
2398 2494 2484 2517 voce
2508 2484 2629 2517 divina.

1547 2534 1773 2565 Marcomani
1804 2537 1931 2567 Nostro
1964 2536 2043 2565 sunt
2070 2533 2211 2565 Lacrim.
2244 2533 2377 2563 Etru-c.
2411 2540 2445 2563 v.
2471 2533 2549 2563 170.
2571 2531 2632 2570 qui

1547 2580 1622 2612 aliis
1647 2580 1917 2612 Marcomanni.-
1937 2579 2013 2611 vide
2031 2581 2190 2612 Strabon.
2214 2578 2273 2609 lib.
2303 2581 2373 2610 vn.
2397 2577 2506 2608 initio.
2534 2576 2631 2609 Mae-

1547 2628 1658 2658 ander
1690 2625 1799 2665 prima
1835 2624 1993 2664 correpta
2017 2626 2107 2664 apud
2130 2623 2348 2656 Prudentium
2375 2623 2524 2655 Cathem.
2554 2624 2630 2665 vn,

1550 2674 1627 2705 124.
1664 2673 1699 2702 et
1731 2672 1924 2711 Polyclitus
1957 2681 2024 2710 pro·
2054 2671 2250 2711 Polycletus
2283 2670 2372 2701 idem
2409 2669 2487 2701 Peri
2513 2669 2629 2709 Steph-

1547 2719 1601 2759 X,
1637 2719 1718 2749 269.
1758 2718 1876 2757 quibus
1904 2717 1990 2749 locis
2023 2717 2100 2748 vide
2132 2716 2321 2748 Heinsium.
2378 2715 2520 2747 Ovidius
2547 2717 2631 2748 met.

1545 2765 1637 2805 vm,
1663 2763 1741 2794 324.

1637 2808 1745 2839 Hunc
1763 2809 1904 2848 pariter
1925 2809 2026 2849 vidit,
2045 2810 2186 2848 pariter
2209 2806 2415 2849 Calydonius
2438 2806 2542 2839 heroe

1641 2854 1810 2896 Optavit.-

1547 2901 1659 2932 recte:
1707 2910 1728 2931 a
1759 2894 1930 2932 Καλυδὼν
1963 2898 2051 2930 enim
2087 2899 2124 2930 fit
2153 2895 2391 2937 Καλυδώνιος.
2415 2899 2451 2930 at
2473 2897 2538 2930 hoc
2560 2900 2630 2929 ἰιοι

1549 2947 1677 2979 obstitit
1701 2956 1765 2986 quo
1791 2945 1901 2977 minus
1923 2945 2082 2977 Manilius
2106 2946 2164 2977 lib.
2187 2948 2229 2987 V,
2258 2947 2332 2977 180.
2359 2944 2501 2986 diceret,

1639 2993 1690 3024 Ec
1713 2993 1907 3033 Calydonea
1934 2993 2116 3024 bellantem
2138 3001 2226 3033 rupe
2244 2991 2412 3033 puellam,

1548 3040 1612 3073 Sil.
1633 3039 1771 3071 Italicus
1796 3040 1884 3079 vm,
1910 3039 1988 3070 580.

1639 3085 1824 3117 Leucosiae
1849 3095 1872 3116 e
1893 3084 2044 3125 scopulus
2071 3083 2136 3114 etc.

1550 3142 1625 3163 cum
1649 3132 1799 3163 Graecis
1833 3131 1877 3163 sit
1897 3130 2099 3170 Λευκωσία,
2143 3136 2212 3159 non
2236 3119 2450 3159 Ammaia:-
2475 3119 2553 3152 Vffle
2576 3119 2627 3151 0¹·

1550 3178 1874 3211 Drakeuborchium.
1920 3177 2011 3207 Iona
2041 3185 2103 3215 pro
2137 3174 2240 3203 tonia
2272 3167 2466 3208 Propertius
2500 3168 2545 3206 II,
2568 3167 2626 3198 21.

1550 3225 1766 3265 Polymeseor
1792 3234 1853 3264 pro
1878 3223 2117 3263 Polymnestor
2145 3219 2233 3250 idem
2261 3217 2322 3257 ΙΙΙ,
2352 3216 2404 3247 ll.
2429 3214 2464 3245 et
2488 3211 2627 3246 Ovidius
