2892 3840
893 436 1373 475 srnvxnum
1437 426 1603 476 LIB.
1673 427 1730 475 V.

242 547 417 604 Ponit,
454 553 506 594 et
538 546 714 596 Idaeos
744 548 846 611 jam
879 562 983 596 non
1012 551 1352 598 reminiscitur
1385 566 1573 599 amnes.

239 633 335 683 Hic
369 644 419 683 te
449 635 657 684 Sidonio
692 637 913 686 velamm
942 639 1159 686 molliter
1180 639 1328 687 *ostro

238 723 475 773 Eximius
510 726 696 787 conjux
731 726 843 790 (nec
877 728 1013 775 enim
1044 728 1293 776 fumantia
1322 721 1471 777 busta

239 810 620 878 clamoremque
653 816 762 876 rogi
788 817 955 879 potuit
985 817 1228 882 perferre)
1265 817 1415 865 beato

239 900 557 965 Composuit,
587 903 832 963 Priscilla,
868 913 992 952 toro.
1063 906 1135 953 nil
1169 906 1363 968 longior
1392 914 1532 955 aetas

240 988 484 1055 Carpere,
516 993 588 1039 nil
628 995 743 1042 aevi
777 1002 1015 1057 poterunt
1046 997 1229 1045 vitiare
1264 995 1460 1043 labores

236 1079 484 1128 Siccatam
516 1082 781 1139 membris3
825 1089 991 1129 tantas
1026 1084 1314 1132 venerabile
1349 1099 1570 1131 marmor

237 1168 406 1232 Spirat
439 1183 571 1232 opes.
639 1184 766 1216 mox
797 1170 854 1216 in
882 1171 1051 1219 varias
1080 1179 1277 1219 mutata
1309 1173 1514 1220 novaris

235 1255 460 1317 Effigies:
507 1257 602 1305 hoc
644 1274 760 1306 aere
792 1256 970 1316 Ceres,
1016 1260 1110 1308 hoc
1155 1260 1322 1308 lucida
1356 1260 1556 1319 Gnosis,

232 1345 322 1392 Illo
357 1345 492 1408 MaJa
526 1348 689 1406 tholo,
720 1347 889 1395 Venus
908 1347 1015 1396 'hoc
1041 1364 1145 1398 non
1176 1350 1407 1413 improba
1435 1365 1578 1398 saxo.

234 1434 499 1498 Accipiunt
531 1438 726 1495 vultus,
758 1437 895 1484 haud
924 1438 1213 1500 indignata,
1250 1439 1456 1485 decoros

233 1524 478 1573 Numina:
514 1527 835 1574 circumstant
861 1527 1062 1585 famuli,
1099 1535 1432 1590 consuetaque
1466 1526 1613 1574 turba

234 1613 512 1678 Obsequiis.
581 1627 688 1661 tum
717 1616 814 1661 rite
844 1616 967 1673 tori,
1000 1631 1304 1681 mensaeque
1336 1624 1576 1680 parantur

232 1701 495 1751 Assiduae.
567 1703 746 1751 domus
782 1705 906 1762 ista,
944 1704 1145 1765 domus;
1182 1707 1291 1770 quis
1326 1707 1470 1753 triste
1509 1704 1827 1772 sepulchrum

231 1792 467 1840 Dixerit?
534 1792 642 1840 Hac
674 1791 855 1840 merito
889 1795 1003 1842 visa
1035 1796 1235 1858 pietate>
1259 1795 1429 1841 mariti

232 1881 475 1929 Protenus
509 1881 790 1938 exclames,
824 1881 956 1929 EST
989 1883 1095 1940 hic,
1126 1870 1367 1944 agnosco,
1391 1885 1637 1934 *minister

232 1971 393 2029 Illius,
423 1977 658 2017 aeternae
688 1970 842 2017 modo
878 1973 963 2034 qui
999 1972 1216 2019 sacraria
1246 1973 1382 2033 genti

235 2057 500 2117 Condidit,
539 2060 689 2121 inque
726 2059 825 2107 alio
860 2063 1031 2124 posuit
1056 2076 1148 2108 sua
1177 2060 1345 2108 sidera
1373 2062 1524 2109 caelo.

233 2148 315 2195 Sic
349 2148 444 2195 ubi·
468 2162 650 2209 magna
683 2163 874 2198 novum
908 2149 1088 2197 Phario
1120 2148 1183 2195 de
1218 2149 1364 2197 litore
1398 2153 1581 2215 puppis

232 2239 396 2288 Solvit
429 2239 549 2295 iter,
577 2239 782 2300 Jamque
817 2240 1107 2287 inmuneros
1141 2240 1374 2303 utrinque
1409 2240 1648 2289 rudentes

230 2327 454 2390 Lataque
489 2328 688 2376 veliferi
718 2329 948 2391 porrexit
974 2328 1177 2375 brachia
1210 2329 1331 2375 mali

228 2417 516 2480 Invasitque
551 2418 693 2475 vias,
728 2418 783 2463 in
817 2416 996 2464 eodem
1038 2424 1249 2478 angusta
1282 2417 1516 2481 phaselus

230 2505 489 2569 Aequore,
525 2513 577 2553 et
602 2507 839 2553 immensi
869 2514 1065 2569 partem
1101 2507 1197 2554 sibi
1225 2507 1462 2555 vendicat
1489 2506 1675 2555 Austri.

233 2593 365 2652 Quid
397 2610 529 2642 nunc
557 2595 878 2653 immodicos,
922 2597 1162 2657 juvenum
1205 2596 1500 2655 lectissime,
1541 2598 1685 2645 fletus

234 2682 396 2731 Corde
430 2684 598 2742 foves,
628 2685 927 2748 longumque
962 2693 1106 2734 vetas
1144 2686 1287 2732 exire
1324 2685 1584 2734 dolorem?

232 2771 425 2835 Nempe
456 2773 630 2830 times,
657 2787 722 2819 ne
758 2772 1030 2822 Cerbereos
1057 2775 1280 2823 Priscilla
1314 2777 1570 2824 tremiscat

230 2863 465 2919 Latratus
475 2861 495 2907 ’ἒ
529 2868 662 2908 tacet
693 2861 777 2907 ille
805 2862 933 2924 piis:
967 2879 1032 2910 ne
1064 2865 1254 2912 tardior
1283 2865 1418 2912 adsit

230 2953 442 3008 Navita,
477 2948 840 3014 proturbetque-
869 2951 1050 2999 vadis'?
1084 2953 1225 3002 vehit
1257 2954 1342 3000 ifle
1371 2961 1622 3001 merentes

320 3266 359 3295 v.
386 3265 465 3296 227.
489 3265 587 3305 Vulg.
610 3265 872 3300 Annoneuqun.
918 3263 997 3295 231.
1022 3268 1134 3294 serr-r.
1180 3263 1257 3294 237.
1283 3263 1450 3294 Assmuss.
1496 3261 1574 3294 245.
1601 3262 1725 3305 Forte,
1749 3270 1787 3294 rr
1811 3263 1937 3293 eodem.

2384 431 2480 484 133

2379 644 2479 688 225

2376 1089 2481 1134 230

2376 1530 2474 1575 235

2371 1977 2477 2021 240

2369 2423 2469 2468 245

2365 2866 2468 2912 250
