2892 3840
944 386 1647 441 81LVARuuffL113.
1714 388 1794 436 ΠΙ.

241 514 508 579 Aspiciens
522 549 538 574 ,
570 512 712 562 Tune
746 511 1025 571 Ausonias,
1060 511 1157 569 ait,
1190 510 1288 560 ibis
1319 511 1386 561 ad
1413 527 1569 572 arces„
1651 516 1654 519 ’

235 603 284 654 Ν
286 603 503 667 eglectus
542 604 754 666 Veneri?
788 611 846 652 tu
877 602 1083 652 sordida
1112 609 1270 662 tecta,
1291 605 1570 669 Juguanue

235 694 443 744 Servitii
472 695 679 758 vulgare
712 694 878 744 feres?
908 692 1079 759 procul
1114 692 1268 742 absit:
1306 710 1398 757 ego
1431 696 1520 743 isti

236 782 398 843 Quem
427 786 637 844 meruit,
674 786 867 833 formae
902 783 1164 832 dominum
1197 784 1343 832 dabo.
1412 784 1546 835 vade
1580 800 1672 849 age
1699 799 1914 844 mecum,

232 873 374 923 Vade
404 890 552 939 puer3
586 875 766 924 ducam
794 875 987 926 volucri
1019 889 1111 937 per
1147 874 1315 923 sidera
1349 889 1495 924 curru

229 963 436 1013 Donum
470 966 692 1013 immane
725 965 862 1014 duci:
899 978 993 1011 nec
1023 971 1073 1010 te
1110 964 1309 1028 plebeia
1335 966 1613 1015 manebunt

229 1052 374 1113 Jura;
408 1054 636 1102 Palatino
671 1054 889 1101 famulus
921 1053 1120 1098 deberis
1157 1056 1331 1100 amori.

228 1141 314 1190 Nil
342 1158 459 1204 ego,
489 1143 586 1199 nil,
616 1141 804 1197 fateor,
835 1146 941 1184 toto
978 1145 1081 1184 tam
1113 1141 1257 1186 dulce
1289 1143 1382 1189 sub
1417 1142 1538 1188 orbe

226 1231 331 1280 Aut
358 1231 493 1289 vidi,
525 1238 614 1279 aut
647 1231 808 1292 genui.
879 1226 1024 1275 cedat
1059 1227 1151 1275 tibi
1184 1228 1413 1277 Latmius
1443 1231 1576 1278 ultro

225 1319 592 1384 Sangariusque
630 1334 778 1383 puer3
813 1332 1059 1382 quemque
1086 1320 1230 1367 irrita
1261 1320 1415 1367 fontis
1444 1321 1613 1382 imago

225 1409 293 1457 Et
321 1411 504 1458 sterilis
538 1410 849 1474 consumpsit
876 1423 1030 1456 amor.
1104 1416 1153 1455 te
1195 1410 1393 1457 coerula
1424 1410 1547 1458 Nais

225 1499 421 1558 Mallet,
454 1508 507 1547 et
540 1515 788 1563 apprensa
822 1500 1065 1546 traxisset
1099 1500 1278 1546 fortius
1308 1514 1448 1548 urna.

228 1589 332 1647 Tu,
364 1604 517 1654 puer,
554 1598 670 1637 ante
708 1605 908 1649 omnes3
945 1590 1081 1637 solus
1116 1589 1387 1639 formosior
1416 1592 1502 1639 ille

226 1677 320 1727 Cui
356 1679 569 1728 daberis.
639 1680 720 1727 Sic
752 1695 891 1738 orsa,
922 1680 1061 1729 leves
1099 1695 1270 1729 secum
1300 1683 1414 1746 ipsa
1440 1698 1532 1747 per
1567 1697 1715 1732 auras

226 1769 403 1829 Tollit,
441 1771 728 1836 olorinaque
749 1771 897 1833 jubet
921 1771 1180 1819 considere
1214 1771 1344 1834 biga.

223 1859 328 1908 Nec
362 1876 529 1910 mora:
556 1863 665 1924 jam
697 1861 832 1908 Latii
866 1870 1089 1921 montes,
1117 1866 1404 1928 veterisque
1435 1871 1646 1928 penates

223 1950 475 2010 Evandri,
509 1967 633 2016 quos
661 1953 793 1999 mole
829 1967 964 2002 nova
998 1961 1141 2017 pater
1176 1955 1393 2016 inclytus
1422 1954 1560 2003 urbis

223 2039 451 2100 Excolit,
485 2049 536 2088 et
570 2043 779 2089 summis
813 2050 996 2106 aequat
1024 2044 1350 2092 Germanicus
1377 2047 1541 2093 astris.

227 2128 366 2177 Tunc
392 2133 593 2195 propior
613 2133 721 2194 jam
751 2147 867 2179 cura
899 2132 1024 2180 deae
1040 2167 1053 2191 ,
1087 2147 1213 2197 quae
1242 2135 1406 2183 forma
1440 2135 1631 2199 capillis

225 2218 454 2282 Optima,
490 2235 616 2284 quae
645 2223 803 2270 vestis
831 2236 1003 2269 roseos
1032 2224 1301 2272 accendere
1329 2226 1500 2275 vultus

222 2310 384 2375 Apta3
422 2312 555 2374 quod
589 2314 643 2358 in
679 2312 873 2374 digitis,
905 2314 1028 2359 collo
1065 2315 1198 2377 quod
1232 2315 1431 2377 dignius
1467 2331 1658 2365 aurum.

222 2399 381 2448 Norat
407 2401 645 2447 caelestes
680 2402 846 2449 oculos
879 2403 1048 2462 ducis,
1082 2405 1289 2468 ipsaque
1324 2406 1500 2454 taedas

221 2488 495 2548 Junxerat,
529 2499 580 2537 et
607 2491 756 2555 plena
791 2492 1000 2540 dederat
1026 2494 1272 2542 connubia
1299 2494 1497 2544 dextra.

223 2578 304 2626 Sic
335 2588 480 2628 ornat
510 2582 695 2639 crines,
726 2581 906 2642 Tyrios
943 2584 1012 2630 sic
1040 2584 1208 2631 fimdit
1235 2587 1471 2644 amictus3

223 2669 328 2716 Dat
357 2670 550 2728 radios,
583 2673 846 2737 ignemque
883 2689 1041 2721 suum.
1112 2690 1305 2723 cessere
1340 2677 1534 2739 priores

223 2757 470 2816 Deliciae,
502 2760 839 2824 famulumque
869 2779 1064 2825 greges:
1098 2765 1178 2813 hic
1206 2767 1386 2831 pocula
1417 2781 1601 2830 magno

222 2847 392 2908 Prima·
424 2848 562 2906 duci,
592 2864 884 2914 murrasque
920 2869 1122 2914 graves,
1155 2857 1487 2922 crystallaque
1521 2862 1690 2924 portat

169 2928 171 2931 ⁵
225 2935 527 2984 Candidiore
552 2953 729 2985 manu:
763 2941 938 2987 crescit
962 2955 1096 2992 nova
1129 2948 1293 3006 gratia
1319 2947 1525 2995 Baccho·

225 3025 350 3075 Care
382 3043 532 3090 puer,
565 3028 768 3092 Superis
800 3030 884 3092 qui
915 3032 1193 3094 praelibare
1224 3036 1503 3084 verendum

311 3226 351 3256 v.
376 3227 429 3258 39.
456 3228 556 3268 Vulg:
574 3236 643 3260 ,1.111
669 3229 779 3263 dulce.
827 3229 883 3261 47.
907 3237 1150 3268 vermesque.

2424 391 2492 442 87

2346 782 2480 834 ‘35

2411 1236 2479 1280 40

2408 1683 2472 1727 45

2402 2135 2469 2180 50

2400 2586 2460 2630 55

2394 3036 2459 3081 60
