2892 3840
379 410 477 460 190

377 544 443 567 nus
477 533 634 574 Myronis
675 532 763 564 lusit
798 536 940 572 argento
969 529 1026 560 cel
1054 529 1090 558 in
1127 535 1220 557 aere.
1277 524 1338 557 Cui
1372 525 1462 578 bono

377 580 466 612 istud
495 576 676 619 primum?
721 580 777 609 aut
814 587 878 616 qua
912 575 1050 606 notione
1086 572 1283 602 sumendum
1311 571 1384 602 est?
1425 573 1462 603 Si

379 627 467 659 enim
488 627 638 666 primum
661 623 805 662 accipias
829 623 870 652 de
894 621 1055 659 temporis
1082 620 1224 655 ordine,
1247 617 1310 649 hoc
1336 618 1463 649 incom-

379 673 468 705 modi
489 674 672 710 sequetur,
697 669 783 708 quod
808 669 926 706 prima
954 664 1116 695 artificum
1148 673 1254 703 opera
1279 665 1462 706 imperfec-

376 722 515 753 tissima
546 719 641 747 sunt:
683 719 720 745 ut
759 713 900 744 absurde
933 710 1052 741 fecerit
1076 710 1202 741 Statius
1226 710 1255 741 si
1280 709 1463 748 Vopiscum

381 763 624 797 commendarit
658 769 701 790 ex
734 767 775 789 eo
803 758 890 797 quod
917 756 1106 795 possederit
1129 758 1269 797 prima,
1302 756 1402 787 rudia
1429 758 1463 786 et

379 811 576 849 imperfecta
611 814 804 844 magnorum
840 803 1002 834 artilicum
1035 804 1254 833 tentamenta.
1313 802 1349 834 Si
1377 811 1461 832 vero

379 867 441 898 pro
472 855 701 894 praecipuum
735 859 846 880 sumas
877 846 918 882 ’τὸ
952 851 1126 888 primum,
1171 858 1240 879 non
1264 850 1345 887 puto
1369 849 1462 878 recte

380 902 445 934 dici
470 908 568 940 posse
593 899 743 936 primum
762 904 847 934 opus
864 895 1015 934 Myronis
1034 904 1096 934 pro
1108 897 1362 934 praecipuum.-
1387 903 1464 924 cum

379 949 442 980 hoc
464 945 512 976 sit
535 944 746 982 primarium
770 951 837 971 non
861 943 1023 980 primum.
1060 941 1138 972 Scio
1163 941 1241 979 quid
1266 949 1309 971 ex
1333 941 1463 970 Teren-

379 994 427 1025 tio
444 994 483 1021 et
507 988 668 1021 Sallustio
695 988 819 1027 opponi
844 987 970 1026 possit;
1005 988 1039 1017 et
1061 986 1137 1017 ideo
1161 987 1238 1018 huic
1264 985 1463 1029 signififfca-

379 1037 465 1070 tioni
490 1045 557 1065 non
585 1034 727 1064 ulterius
753 1034 972 1074 repugnabo,
1006 1043 1080 1064 cum
1104 1033 1238 1071 potiora
1265 1035 1464 1073 argumenta

376 1086 515 1116 habeam
549 1082 668 1111 contra
701 1080 790 1110 istud
822 1082 985 1120 primum.
1033 1079 1170 1111 Dicitur
1195 1079 1304 1120 enim,
1342 1087 1462 1109 manus

377 1126 531 1170 Myronis
559 1126 638 1156 lusit
661 1133 816 1167 argento.
864 1125 963 1165 Atqui
988 1127 1110 1164 Myron
1132 1135 1201 1157 non
1227 1131 1384 1167 argento,
1403 1125 1463 1156 sed

377 1186 460 1208 aere
488 1172 630 1203 celebris
654 1173 728 1203 fuit.
775 1174 900 1203 Noster
926 1172 1009 1204 Silv.
1039 1173 1096 1211 lv,
1124 1175 1156 1203 ὃ.

465 1219 538 1250 Hic
561 1220 625 1250 tibi
647 1229 735 1259 quae
762 1220 859 1250 docto
884 1219 1027 1249 multum
1053 1219 1200 1259 vigilata
1225 1216 1361 1258 Myroni

465 1267 569 1297 AERA

377 1321 424 1344 sc.
452 1311 670 1343 nwnstrabz‘t.
715 1309 896 1340 Petronius
922 1308 1088 1341 Satirico:
1119 1311 1261 1349 Myron,
1293 1309 1355 1348 qm·
1372 1315 1462 1345 pene

374 1359 546 1389 hominum
586 1358 725 1386 animas
752 1357 984 1398 ferarumque
1021 1362 1115 1386 ΑΕκε
1145 1353 1461 1395 comprehenderat,

377 1414 446 1436 non
480 1404 615 1434 invenit
644 1401 811 1432 heredem.
848 1402 923 1441 lege
951 1403 1097 1434 animos.
1145 1400 1318 1432 Ausonius
1342 1399 1458 1439 Epigr.

375 1452 483 1482 Lvm
508 1449 545 1478 in
569 1448 724 1479 buculam
747 1457 888 1478 aeream
914 1447 1087 1487 Myronis:

467 1494 607 1525 Bucula
636 1503 712 1524 sum
741 1494 836 1524 caelo
855 1495 1025 1535 genitoris
1042 1491 1139 1531 ficta
1163 1492 1317 1532 Myronis

509 1541 653 1571 Aram:

377 1586 424 1617 ita
449 1585 531 1625 legit
556 1585 696 1616 Vinetus
721 1593 783 1622 pro
802 1584 923 1625 facta.
954 1583 1080 1614 Plinius
1097 1585 1175 1615 Nat.
1196 1583 1282 1614 Hist.
1303 1584 1459 1626 XXXIV,

378 1634 410 1663 2.
440 1631 481 1662 de
510 1640 589 1662 aere
619 1630 815 1669 Aeginetico
848 1632 880 1659 et
912 1630 1073 1660 Deliaco:
1118 1630 1242 1670 illoque
1266 1638 1359 1662 Αεηιιῑ
1383 1633 1459 1661 Mr-

375 1686 451 1709 RON
476 1687 561 1709 usus
589 1682 660 1713 est,
709 1676 774 1706 hoc
797 1675 1016 1716 Polycletus,
1057 1676 1221 1715 aequales
1248 1682 1351 1717 atque
1378 1687 1458 1708 con-

375 1725 549 1764 discipuli.
597 1722 747 1753 caelavit
785 1721 917 1759 quidem
956 1727 1136 1762 argentum
1164 1724 1308 1761 Myron,
1351 1727 1389 1754 ut
1411 1731 1456 1754 ex

376 1770 518 1801 diversis
555 1768 722 1800 Martialis
755 1767 841 1798 locis
874 1771 1033 1806 apparet:
1075 1768 1132 1797 sed
1166 1769 1371 1807 praecipuus
1404 1769 1454 1799 illi

373 1817 482 1848 honor
503 1818 537 1846 et
560 1815 633 1845 laus
660 1822 702 1843 ex
728 1814 795 1843 alia
818 1815 902 1844 arte.
949 1813 1076 1844 Plinius
1094 1814 1171 1844 Nat.
1189 1813 1275 1844 Hist.
1297 1815 1453 1856 XXXIV,

376 1866 408 1896 8.
446 1864 621 1901 Myronem
654 1859 851 1890 Eleutheris
890 1864 1032 1896 natum,
1080 1865 1112 1889 el
1137 1861 1250 1897 ipsum
1277 1860 1455 1900 Ageladae

373 1909 592 1947 discipulum,
618 1912 752 1936 nucum
777 1913 1028 1936 xosierAvrr:
1053 1914 1160 1935 aerea
1183 1905 1323 1937 scilicet.
1369 1907 1454 1937 Vide

370 1956 507 1991 locum;
555 1952 601 1983 ibi
638 1951 727 1981 enim
765 1951 918 1991 Myronis
952 1960 1057 1990 opera
1090 1954 1258 1982 recenset.
1315 1952 1453 1983 Ovidius

368 1999 501 2034 Pontio.
523 2000 588 2038 lv,
618 2000 647 2028 l.

461 2046 639 2077 -Venclioat
655 2047 692 2073 ut
706 2043 857 2073 Calamis
880 2043 1027 2080 laudem,
1051 2051 1134 2082 quos
1151 2044 1257 2084 fecit,
1279 2053 1454 2084 equorum,

511 2090 561 2122 Ut
583 2090 708 2122 similis
732 2099 838 2120 verae
864 2097 978 2120 vacca
991 2111 1001 2131 ,
1024 2089 1178 2129 Myronis
1204 2099 1318 2129 opus‚‘

465 2138 528 2169 Sic
552 2148 610 2178 ego
633 2137 696 2166 etc.

371 2185 568 2216 Petronius:
623 2183 748 2212 Verum
773 2186 812 2211 ut
833 2181 881 2211 ad
906 2181 1067 2211 PLASTAS
1089 2186 1300 2211 convertar.-
1325 2179 1450 2220 Lysip-

366 2241 471 2270 pum,
506 2231 636 2260 statuae
662 2229 764 2257 unius
793 2228 1011 2258 lineamentis
1038 2227 1295 2267 inhaerentem,
1328 2229 1449 2266 inopia

370 2278 548 2308 e.z⁴lin.z·it:
584 2280 617 2305 et
638 2276 782 2313 Myron,
823 2275 883 2313 qm·
900 2283 990 2311 pene
1017 2272 1192 2303 hominum
1215 2275 1347 2304 animos
1382 2276 1447 2305 etc.

369 2324 569 2360 Praeterea,
617 2329 719 2358 quare
743 2318 843 2349 unius
870 2321 997 2348 tantum
1022 2318 1173 2358 Myronis
1196 2329 1300 2358 opera
1320 2329 1448 2360 memo-

367 2371 421 2400 rat
449 2368 575 2400 Statius
599 2365 635 2395 in
659 2365 756 2396 amici
784 2365 835 2395 sui
850 2365 966 2395 Manlii
994 2365 1192 2406 κειμηλίοις,
1220 2367 1446 2397 conservata.²

367 2416 448 2447 Sine
472 2413 572 2444 dubio
584 2413 759 2450 vopiscus,
789 2414 827 2442 ut
851 2414 923 2441 erat
948 2411 1085 2449 elegans
1108 2413 1141 2440 et
1161 2409 1357 2453 φιλόκαλος
1378 2422 1448 2443 non

364 2460 518 2496 Myronis
544 2458 672 2495 solius,
701 2458 759 2488 sed
788 2461 821 2487 et
844 2457 984 2488 aliorum
1017 2457 1256 2495 praestantium
1283 2458 1445 2490 artificum

363 2494 497 2538 labores
534 2505 744 2536 adservabat.
790 2506 894 2535 Immo
923 2506 956 2534 et
978 2504 1041 2534 hoc
1065 2503 1146 2534 dicit
1171 2505 1292 2546 poeta,
1337 2505 1446 2536 versi-

366 2555 427 2584 bus
454 2550 754 2591 praecedentibus,

459 2599 539 2628 Vidi
554 2602 654 2628 artes
678 2603 912 2635 VETERUMque
936 2604 1072 2631 nzanus,
1098 2597 1277 2635 variisque
1301 2596 1446 2627 metalla

461 2644 550 2674 l'iva
574 2644 704 2673 modis.-
726 2644 822 2672 labor
846 2647 901 2671 est
918 2640 998 2671 saueri
1026 2650 1216 2671 menmrare
1233 2639 1388 2681 figuras,

454 2690 527 2719 Aut
550 2690 631 2718 ebur
657 2693 721 2718 aut
743 2689 866 2728 (la‘gnas
899 2687 1016 2727 digitis
1045 2689 1246 2726 contingere
1273 2695 1440 2726 gemmas:

362 2733 465 2766 vides
500 2742 669 2765 VETERUM
695 2732 853 2774 (numero
881 2732 1117 2773 multitudinis)
1145 2741 1291 2772 manus,
1335 2735 1369 2763 et
1391 2734 1442 2763 la-

363 2782 476 2812 borem
519 2789 595 2811 esse
628 2789 818 2810 memorare
841 2776 984 2818 figuras
1019 2780 1157 2816 propter
1193 2778 1441 2808 multitudinem

361 2836 475 2859 earum
498 2826 534 2858 in
560 2835 667 2862 auro,
701 2826 819 2862 ebore,
849 2826 1013 2865 gemmis:
1038 2824 1129 2854 addit
1153 2824 1295 2865 deinde,
1319 2835 1441 2865 argen-

360 2878 395 2903 to
422 2875 454 2904 et
480 2882 588 2911 aere5
622 2873 798 2911 Myronem
821 2870 855 2900 in
880 2880 983 2906 aere,
1026 2871 1142 2909 utpote
1168 2870 1317 2901 omnium
1343 2881 1440 2909 prae-

358 2919 616 2955 stantissimum3
641 2920 676 2947 et
703 2920 738 2947 in
762 2922 929 2957 argento,
954 2918 1075 2954 quem?
1102 2923 1250 2948 PRIMUM.
1285 2918 1352 2948 Sub
1376 2917 1439 2948 hae

357 2973 459 3005 voce,
502 2974 586 3003 quae
619 2963 714 2993 nihili
739 2966 808 3003 est,
831 2962 950 3001 procul
982 2962 1081 2993 dubio
1105 2963 1190 2992 latet
1214 2971 1354 3002 magnus
1378 2963 1439 2994 ali-

359 3011 431 3048 quis
476 3011 600 3040 artilex
633 3010 666 3039 in
703 3013 866 3050 argento,
918 3008 988 3038 sire
1023 3009 1181 3040 caelator
1213 3009 1286 3040 sive
1323 3011 1436 3041 Statu-

361 3056 462 3085 arius.
509 3056 553 3085 Et
577 3065 744 3086 nonnemo
779 3057 865 3086 forte
895 3055 957 3085 sibi
981 3055 1129 3093 placeret
1155 3065 1227 3085 cum
1251 3055 1440 3086 invenisset

363 3101 584 3131 Plaradmona
614 3101 703 3132 inter
746 3103 853 3133 claros
878 3101 1066 3134 statuarios
1096 3104 1315 3133 memoratum
1340 3103 1442 3134 Colu-

360 3146 480 3176 mellae
503 3147 561 3175 Lib
597 3147 640 3186 X,
668 3149 722 3178 30.

451 3190 526 3219 Non
551 3191 767 3229 Polycleteo,
800 3203 863 3224 nec
886 3191 1124 3231 Phradmonis,
1149 3198 1210 3225 aut
1242 3192 1418 3235 Ageladae

451 3234 537 3265 Arte
561 3236 758 3267 laboretur.-

1200 399 1390 473 NorrAE
1426 411 1497 463 ᾼι).
1529 398 1634 447 Lis.
1665 397 1784 448 1.ssOE

1530 524 1575 556 Et
1601 521 1810 564 Pausaniae,
1839 523 1874 553 et
1895 521 2005 554 Plinio
2027 524 2070 556 N.
2092 524 2134 557 H.
2157 525 2324 572 xxxw,
2351 534 2383 564 8.
2406 534 2445 565 ut
2472 503 2580 577 esset,

1623 570 1798 610 Quicquid
1822 574 1860 624 et
1882 573 2027 646 arfento
2053 570 2240 606 Pliradmou
2252 596 2263 616 ,
2294 578 2353 609 vel
2373 581 2411 611 in
2435 590 2519 613 aere
2543 581 2618 623 My.

1751 624 1851 646 roms
1863 635 1875 651 ,
1903 624 1921 645 e
1938 625 1966 646 c.

1530 660 1599 692 Sed
1631 660 1696 692 hoc
1730 660 1916 692 infortunio
1951 660 2118 700 premitur
2144 663 2364 710 Plu-admon,
2423 672 2514 710 quod
2544 682 2615 705 non

1532 709 1740 745 compertum
1778 707 1938 739 habemns
1965 709 2126 739 Veterum
2150 710 2351 744 testimoniis
2384 714 2478 748 illum
2501 717 2538 749 in
2559 729 2617 751 ar-

1528 758 1631 793 gento
1655 753 1864 791 potissimum
1891 754 2120 793 praestitisse:
2149 756 2214 788 hoc
2236 766 2319 790 vero
2339 760 2414 791 loco
2432 763 2617 802 requiritur

1531 798 1654 837 aliquis
1689 799 1745 837 qui
1781 799 1816 830 in
1849 805 1997 841 argento
2036 801 2157 833 enituit
2187 803 2317 842 pariter
2349 815 2389 837 ae
2423 809 2545 848 Myron
2581 811 2617 843 in

1531 854 1624 875 aere.
1686 845 1909 880 Quaen-endas
1944 846 2057 885 itaque
2089 847 2143 878 hic
2179 850 2322 882 artifex:
2375 853 2409 882 et
2442 858 2618 892 quaerenti

1532 890 1643 922 statim
1671 891 1821 922 occurrit
1846 894 2026 934 mawron,
2050 893 2106 932 qui
2129 893 2164 925 in
2190 902 2334 938 argento
2359 898 2522 931 caelando
2550 911 2618 934 om.

1532 937 1625 967 nium
1649 937 1877 969 nobilissimus
1904 941 2000 976 erat;
2021 939 2161 978 poculis
2188 943 2402 980 praesertim.
2449 947 2618 980 Martiali·

1531 983 1649 1023 Epigr.
1675 983 1776 1024 XIV,
1802 985 1858 1016 93.
1907 985 2002 1023 cujus
2026 985 2148 1017 lemma
2168 988 2307 1020 Ροευιᾼ
2334 997 2569 1026 Ancusrrrs:

1623 1030 1701 1060 Non
1730 1035 1785 1061 est
1809 1033 1883 1062 ista
1903 1041 2049 1069 recens,
2074 1042 2137 1064 nec
2159 1037 2279 1066 nostru·
2295 1036 2411 1077 gloria
2435 1039 2549 1071 caele.-

1667 1075 1808 1108 Primus
1832 1079 1870 1108 iu
1893 1077 1951 1109 lais
1978 1079 2136 1121 Mentor,
2160 1081 2240 1111 dum
2257 1084 2360 1125 facit
2377 1083 2460 1126 illa,
2493 1086 2585 1118 bibit.

1531 1119 1577 1150 Et
1598 1120 1660 1162 IX,
1687 1124 1743 1153 60.
1919 1134 1921 1136 ·

1668 1167 1804 1199 Pocula
1828 1169 2010 1200 Mentorea
2035 1170 2222 1202 nobilitata
2245 1180 2359 1204 manu.

1531 1212 1597 1253 1v,
1623 1213 1677 1244 39.

1664 1257 1806 1297 Argenti
1830 1269 1939 1300 genus
1964 1270 2063 1291 omne.
2089 1265 2310 1302 comparasti
2317 1274 2328 1294 .-

1667 1303 1720 1334 Et
1740 1305 1834 1336 solus
1858 1311 1993 1337 veteres
2017 1307 2170 1345 Myronis
2195 1314 2315 1351 artes,

1668 1350 1774 1382 Solus
1800 1351 2000 1383 Praxitelis
2026 1362 2151 1385 manus
2179 1354 2394 1401 Scopaeque,

1669 1397 1772 1428 Solus
1799 1397 1963 1429 Phidiaci
1982 1403 2140 1430 toreuma
2165 1400 2268 1437 caeli,

1669 1443 1773 1475 Solus
1800 1445 1996 1476 Mentoreos
2020 1444 2129 1477 habes
2154 1446 2301 1477 labores.

1529 1489 1585 1520 ubi
1621 1489 1717 1520 vides
1755 1490 1933 1528 Myronem
1968 1500 2100 1530 quoque
2134 1492 2315 1524 memorari
2347 1493 2436 1526 inter
2472 1504 2532 1527 eos
2555 1498 2612 1537 qui

1529 1541 1675 1577 argento
1700 1535 1862 1566 caelando
1887 1537 2104 1568 claruerunt:
2151 1542 2185 1569 et
2209 1539 2272 1570 boc
2297 1543 2371 1571 erat
2394 1542 2483 1580 quod
2507 1552 2613 1584 supra

1529 1582 1622 1621 dixi,
1648 1584 1823 1621 Myronem
1849 1589 2030 1623 argentum
2053 1583 2153 1614 etiam
2180 1586 2349 1626 caelasse,
2385 1587 2443 1618 sed
2467 1597 2535 1620 non
2559 1590 2611 1621 in·-

1530 1628 1570 1658 de
1604 1630 1670 1658 tam
1707 1637 1862 1667 magnum
1895 1639 2018 1659 nomen
2050 1630 2206 1669 adeptum
2231 1640 2306 1662 esse
2334 1642 2432 1671 quam
2456 1643 2500 1666 ex
2528 1646 2611 1668 aere

1525 1674 1710 1705 fundendo.
1757 1675 1812 1706 Sic
1837 1674 1911 1713 ipse
1935 1678 2071 1706 Mentor
2094 1676 2263 1708 interdum
2290 1688 2352 1709 aes
2375 1679 2480 1721 fudit,
2515 1680 2609 1724 (vide

1525 1721 1643 1754 Sidon.
1673 1720 1903 1759 Apollinarem
1928 1724 2036 1752 Carm.
2062 1722 2190 1762 xxm,
2214 1724 2292 1755 503.
2317 1724 2373 1755 ubi
2399 1735 2471 1756 cum
2492 1729 2609 1760 Praxi-

1525 1768 1604 1808 tele,
1627 1768 1749 1807 Scopa,
1776 1768 1948 1806 Polycleto
1979 1771 2013 1799 et
2036 1768 2152 1800 Phidia
2178 1770 2356 1802 Statuariis
2379 1772 2609 1815 conjungitur)

1523 1823 1594 1845 non
1629 1816 1741 1842 tamen
1776 1815 1811 1843 ut
1847 1813 1970 1844 exinde
2009 1816 2135 1845 tantam
2166 1816 2286 1846 samam
2324 1824 2525 1852 consecutus
2563 1822 2608 1853 sit

1523 1861 1681 1898 quantam
1706 1866 1749 1888 ex
1775 1860 1948 1889 caelatura
1973 1862 2120 1900 argenti.
2167 1862 2364 1900 Propertius
2389 1866 2449 1905 111,
2474 1867 2508 1899 9.

1620 1905 1670 1934 Tu
1699 1905 1784 1935 licet
1806 1905 1964 1943 abjectus
1996 1906 2163 1937 Tiberina
2187 1908 2337 1939 molliter
2363 1911 2456 1942 unda

1661 1949 1792 1981 Lesbia
1816 1953 1995 1982 Mentoreo
2020 1954 2104 1982 cina
2129 1953 2227 1984 bibas
2252 1963 2376 1993 opere:

1523 1996 1580 2026 ubi
1617 2005 1680 2034 pio
1721 1997 1815 2028 unda
1846 1998 2025 2037 legendum
2060 2000 2141 2038 puto
2181 2000 2276 2031 ulca.
2329 2002 2504 2034 Juvenalis
2536 2005 2605 2036 Sat.

1558 2044 1616 2083 ιιι,
1649 2043 1724 2073 102.

1504 2031 1568 2095 2(
1614 2088 1665 2119 Et
1692 2097 1769 2118 cum
1794 2088 1988 2121 Parrhasii
2012 2090 2143 2122 tabulis
2169 2092 2350 2132 signisque
2378 2092 2536 2133 Myronis

1614 2134 1823 2165 Phidiacum
1847 2137 1991 2167 vivebat
2013 2137 2120 2173 ebur:
2145 2146 2208 2167 nec
2233 2147 2300 2168 non
2325 2138 2496 2179 Polycleti

1606 2179 1776 2223 §Multus
1802 2181 1924 2222 ubique
1948 2183 2074 2222 zochor,-
2099 2192 2210 2214 rarae
2235 2187 2313 2215 sine
2338 2187 2495 2218 Mentore
2513 2196 2603 2219 men·

1737 2235 1807 2265 sae.

1518 2272 1585 2303 Sed
1607 2272 1754 2304 omnium
1781 2272 2198 2319 luculentissimelPlinius
2227 2276 2303 2306 Nat.
2330 2276 2414 2307 Hist.
2439 2277 2600 2320 xxxin,

1520 2319 1575 2350 12.
1624 2319 1751 2350 Mirum
1785 2321 1822 2349 in
1858 2329 1946 2350 auro
1982 2321 2150 2351 caelando
2185 2323 2399 2354 inclaruisse
2423 2325 2600 2361 nentium,

1516 2372 1685 2396 ARGENTO
1710 2366 1845 2396 multos.
1863 2367 2014 2397 maxime
2038 2372 2154 2398 tamen
2174 2368 2341 2399 laudatus
2360 2373 2416 2399 est
2430 2371 2599 2411 MENTOR,

1517 2413 1557 2442 de
1583 2422 1647 2452 quo
1677 2421 1789 2451 supra
1814 2413 1978 2442 dirimas.
2024 2415 2103 2451 Cap.
2127 2413 2188 2443 XI.
2223 2412 2354 2445 Lucius
2385 2423 2467 2445 vcro
2494 2417 2599 2447 Cras-

1517 2466 1578 2488 sus
1612 2463 1733 2489 orator
1775 2459 1860 2488 duos
1895 2458 2043 2498 scyphos
2075 2460 2267 2490 Mes-roms
2301 2459 2454 2499 artfim's
2491 2471 2598 2493 manu

1516 2505 1671 2535 caelatos
1696 2506 1868 2535 sestertiis
1897 2506 1933 2537 C.
1960 2505 2035 2534 scil.
2064 2509 2192 2544 emptos
2216 2505 2350 2536 habuit.
2398 2508 2472 2538 Hoc
2493 2506 2597 2547 igitur

1513 2552 1624 2580 ratum
1658 2549 1722 2590 sit,
1763 2549 1893 2589 inquis,
1934 2551 2122 2580 Mentorem
2159 2559 2234 2581 esse
2268 2560 2376 2590 aeque
2409 2553 2536 2584 clarum
2561 2554 2595 2585 in

1513 2600 1658 2636 argento
1697 2605 1736 2626 ac
1769 2597 1944 2631 Myronem
1973 2595 2007 2625 in
2031 2604 2139 2626 aere:
2183 2606 2347 2635 quaenam
2372 2608 2454 2630 vero
2481 2599 2597 2631 simili-

1512 2642 1594 2672 tudo
1618 2641 1707 2671 inter
1730 2637 1770 2673 τὸ
1787 2640 1926 2672 Mentor
1952 2642 1985 2670 et
2005 2641 2181 2679 primum?
2204 2645 2256 2674 Ne
2276 2644 2413 2676 minima
2438 2645 2592 2684 quidem:

1511 2687 1571 2718 sed
1597 2685 1740 2718 curiosis
1766 2686 1872 2717 oculis
1896 2687 2085 2726 relegamus
2111 2697 2266 2719 versum:

1603 2733 1773 2773 Quicquid
1805 2737 1840 2763 et
1875 2741 2036 2765 aruss‘ro
2064 2736 2216 2774 primum
2249 2735 2307 2766 vel
2334 2736 2370 2766 in
2407 2746 2490 2768 aere
2519 2737 2595 2779 My-

1731 2787 1840 2810 roms.

1509 2824 1628 2854 Jamne
1654 2823 1836 2862 suspicaris
1864 2824 2012 2863 aliquid?
2053 2825 2217 2856 Nimirum
2238 2826 2292 2858 hic
2316 2827 2389 2868 est,
2426 2829 2486 2859 aut
2507 2835 2590 2860 nus-

1510 2879 1628 2910 quam,
1655 2871 1743 2908 quod
1767 2870 1978 2909 quaerimus:
2019 2871 2203 2903 similitudo
2223 2874 2499 2905 concurrentium
2526 2875 2590 2914 syl-

1508 2915 1658 2946 labarum
1692 2917 1837 2947 extrusit
1872 2917 2023 2948 ultimam
2059 2927 2196 2961 vocem,
2238 2922 2273 2950 et
2299 2919 2336 2950 in
2361 2928 2423 2951 sua
2447 2920 2587 2952 materia

1507 2962 1609 3000 periit
1631 2962 1766 2994 artifex.
1789 2964 1890 3003 Lege,

1599 3010 1773 3050 Quicquid
1790 3015 1823 3040 et
1850 3017 2013 3040 arens-ro
2037 3017 2194 3041 mawron..

1508 3054 1687 3085 Festinans
1709 3055 1866 3086 librarius
1895 3055 2077 3095 scripserat
2105 3056 2275 3096 Quicquid
2291 3059 2327 3085 et
2343 3056 2488 3094 argento
2507 3064 2586 3094 gen-

1506 3103 1581 3130 -tort
1608 3102 1696 3140 quod
1718 3111 1779 3140 pro
1799 3101 1925 3133 librarii
1945 3104 2057 3132 errato
2074 3102 2242 3141 accipiens
2261 3099 2452 3138 exscriptor
2473 3101 2583 3140 proxi—

1510 3155 1594 3187 mus,
1621 3157 1663 3178 ex
1687 3150 1757 3179 toto
1778 3148 1946 3188 ablegavit
1962 3153 2219 3188 vocemgentor,
2247 3148 2281 3176 et
2309 3155 2371 3184 pro
2398 3155 2439 3177 ea
2463 3147 2505 3177 de
2522 3156 2584 3179 suo

1506 3193 1682 3224 ,substituit
1703 3196 1876 3234 primum;
1900 3194 1988 3232 quod
2011 3202 2143 3224 versum
2165 3191 2355 3231 supplevit,
2382 3195 2416 3223 et
2439 3193 2587 3232 speciem

1506 3237 1658 3278 aliquam
1691 3248 1809 3271 sensus
1833 3240 1956 3272 habere
1982 3239 2167 3271 videbatur.
2214 3237 2280 3270 Vix
2303 3238 2402 3271 aliter
2426 3238 2498 3272 fieri
2529 3249 2588 3281 po·
2608 3256 2611 3262 ι

2398 423 2500 473 942
2525 426 2623 475 943

2643 1857 2740 1911 iffi).
2779 1863 2824 1906 ἔτ.
2847 1859 2871 1903 3

2696 2000 2746 2063 s'V

2684 2043 2695 2069 s

2873 1700 2892 1787 «Timum
2885 1678 2892 1694 a
2880 1614 2892 1671 m-:ee
2873 1559 2892 1594 Γ..
2876 1453 2892 1551 ιωὴιώσω
2874 1223 2892 1445 Affltmfflmffi‘
2875 1090 2892 1217 :mni-veina*-

2877 1789 2892 1850 ,ἑξ-,ΕΛ

2873 1854 2892 1972 ,ὥρῃ-Ν-

2875 2452 2892 2527 exum*
2871 1972 2892 2440 mffksssss'ffikfflwfflffimfflfflffm2

2869 2640 2892 2878 {g
