2892 3840
369 389 471 437 266

375 515 425 546 ita
457 513 551 546 recte
575 514 768 546 emendavit
787 513 874 545 idem
901 513 1115 549 Gronovius,
1143 521 1218 544 cum
1242 514 1277 543 et
1299 510 1345 543 ihi
1368 511 1457 543 male

377 562 467 592 esset
506 561 650 593 nudare.
710 560 796 591 Vide
838 569 913 590 eum
959 559 992 589 iu
1029 558 1119 590 dicto
1170 557 1340 590 Diatribes
1366 558 1456 589 loco.

376 607 523 639 Fallitur
554 615 637 638 vero
673 607 733 637 Vir
765 613 905 644 magnus
939 604 975 635 in
999 613 1039 635 eo
1066 603 1155 643 quod
1183 606 1280 644 putat
1301 604 1458 636 emenda-

378 653 507 685 tionem
532 660 628 684 suam
656 650 847 683 confirmari
870 660 890 681 a
914 658 998 681 voce
1022 649 1201 693 Libycas,
1227 650 1307 692 quia
1329 651 1460 682 scilicet

379 699 544 731 Hercules
580 699 745 731 Antaeum
782 694 892 735 Libyn
929 695 1020 727 elisit
1050 698 1150 729 nodis
1181 698 1216 728 et
1249 707 1366 729 manu.
1389 706 1460 728 non

381 744 615 777 defensoribus
636 742 709 773 istis
734 744 810 780 eget
832 742 1008 780 praeclara
1032 744 1245 774 emendatio:
1284 746 1318 775 et
1343 743 1371 774 si
1394 743 1460 774 isto

379 793 511 823 tantum
541 788 755 820 fundamento
792 788 982 830 niteretur,
1034 789 1121 821 falsa
1157 791 1269 828 esset3
1324 789 1462 821 omnino

383 837 471 869 enim
503 845 608 875 prava
644 835 695 863 est
724 841 795 864 vox
825 833 989 874 Libycas.
1017 836 1186 874 quomodo
1207 836 1295 867 enim
1320 837 1463 875 possunt

380 885 535 914 Lmrcnss
563 880 772 920 palaestrae
797 881 919 912 nodari
942 881 986 911 ad
1008 883 1231 913 Summanum
1258 882 1294 912 in
1320 881 1462 914 ltalia?

380 930 445 962 hoc
484 927 592 966 primo
624 924 747 971 intui-tu
772 926 964 958 absurdum.
1021 928 1117 964 Quod
1142 928 1171 959 si
1195 929 1286 959 dicat
1310 927 1463 968 Libycas

374 975 583 1015 palaestras
624 971 787 1002 denotare
827 982 897 1004 non
928 973 1115 1012 palaestras
1147 982 1238 1012 QUAS
1270 976 1464 1016 exercebat,

381 1020 442 1051 sed
474 1023 607 1054 QUALES
642 1018 826 1048 exercebat
855 1020 1020 1051 Hercules
1058 1030 1132 1051 cum
1164 1023 1296 1053 Antaeo
1333 1021 1367 1051 in
1406 1019 1464 1052 Li-

380 1068 472 1106 bya5
519 1065 571 1105 (ut
601 1063 690 1103 apud
727 1063 789 1094 Sil.
821 1066 976 1097 Italicum
1015 1066 1184 1099 Vesuvius
1218 1076 1314 1098 mons
1341 1067 1465 1098 dicitur

380 1112 607 1149 contorquere
649 1111 845 1142 AETNAEOS
876 1114 995 1154 ignes,
1044 1112 1078 1144 id
1119 1116 1192 1155 est,
1229 1115 1314 1145 tales
1345 1114 1464 1154 quales

381 1158 490 1190 Aetna
524 1156 747 1195 contorquere
781 1158 889 1196 solet3
932 1160 966 1189 et
1001 1160 1106 1191 multa
1129 1159 1327 1203 §ejusmodi
1351 1168 1467 1190 exem-

380 1205 438 1243 pla
470 1202 596 1234 adferri
631 1202 770 1242 possent
781 1201 806 1245 z)
839 1205 1051 1246 respondeo,
1094 1205 1159 1237 hoc
1192 1209 1290 1245 pacto
1323 1206 1465 1238 Statium

382 1250 446 1281 sibi
481 1248 545 1287 ipsi
579 1248 812 1280 contradicere
844 1253 879 1281 et
909 1251 1085 1282 destruere
1117 1253 1327 1292 propositum
1349 1260 1465 1282 suum:

384 1296 508 1335 quippe
537 1295 600 1325 hae
633 1294 790 1335 Libycae
823 1297 1015 1335 palaestrae
1042 1307 1171 1330 saevae
1195 1302 1292 1330 erant
1322 1300 1355 1328 et
1383 1307 1467 1329 san-

379 1342 623 1383 guinolentae,
666 1343 784 1380 utpote
820 1341 854 1373 in
889 1343 1009 1382 quibus
1042 1345 1174 1375 occisus
1197 1348 1271 1376 erat
1294 1346 1466 1375 Antaeus:

383 1388 436 1419 hic
460 1396 543 1419 vero
568 1387 729 1418 invitatus
757 1389 808 1418 est
833 1390 998 1420 Hercules
1026 1391 1068 1421 ad
1094 1398 1270 1423 msox'rsss
1288 1390 1468 1430 juvenum,

384 1439 418 1465 et
440 1441 519 1464 suu:
546 1441 721 1464 cAEnmus
746 1436 846 1476 iras,
877 1437 911 1466 et
937 1439 1094 1467 insontia
1120 1447 1249 1479 sacra,
1282 1437 1324 1467 de
1349 1436 1468 1476 quibus

384 1489 507 1519 supra,
562 1479 605 1510 ad
650 1488 681 1509 v.
716 1481 792 1511 139.
847 1482 950 1513 Nullo
984 1482 1090 1522 igitur
1124 1488 1204 1523 apto
1238 1492 1340 1515 sensu
1376 1485 1467 1514 stare

385 1527 499 1565 potest
523 1533 592 1556 vox
614 1525 779 1556 Lischs.
802 1526 903 1564 plane
927 1527 1130 1569 legendum,

477 1570 546 1601 Seu
588 1571 656 1601 tibi
696 1571 795 1602 dulce
835 1582 942 1604 manu
982 1581 1150 1611 mannus
1187 1574 1317 1605 nodare
1346 1573 1470 1614 palae-

603 1620 701 1647 stras
714 1626 727 1646 .·

384 1661 422 1692 ut
443 1661 520 1692 loco
547 1660 721 1692 Achilleid.
748 1670 850 1701 supra
876 1662 991 1705 citato,

474 1706 525 1737 Et
547 1714 722 1744 mauman
748 1709 876 1739 nodare
905 1711 1027 1750 palen,

385 1752 475 1789 quod
507 1754 559 1783 est
591 1754 745 1794 liquidas
780 1756 910 1786 nodare
939 1757 1158 1796 palaestras.

474 1842 634 1875 Arcados
675 1847 833 1876 auctoris
876 1845 1037 1878 citharae
1078 1851 1318 1881 uqumAEQUE
1357 1844 1473 1883 palae-

604 1892 706 1921 strae.

386 1933 592 1964 Claudianus
617 1936 658 1966 de
682 1937 761 1967 Mal.
785 1933 911 1967 Theod.
935 1939 1037 1968 Cons.
1063 1945 1097 1967 v.
1124 1938 1205 1969 287.

481 1981 631 2021 Calliope
654 1990 822 2019 LlQUIDAS
845 1982 986 2013 Alciden
1003 1992 1110 2023 posce
1140 1982 1339 2021 palaestras.

388 2031 527 2058 use-ms
559 2027 677 2059 luctas
712 2030 812 2059 vocat
846 2028 1005 2060 Sidonius
1037 2028 1245 2068 Apollinaris
1271 2030 1382 2058 Cal-m.
1407 2024 1469 2067 IX,

391 2071 465 2102 184.
520 2081 664 2105 UNCTAM
697 2076 810 2114 palen
841 2076 965 2106 Noster
998 2075 1100 2106 Theb.
1123 2077 1190 2115 Vl,
1235 2075 1312 2106 832.
1337 2075 1371 2103 et
1394 2079 1472 2102 Pm—

388 2124 477 2148 GUES
505 2120 724 2158 palaestras.
764 2128 896 2152 rursus
932 2122 1121 2160 palaestra
1153 2119 1320 2152 Martiali]
1351 2118 1468 2157 Epigr.

388 2164 472 2204 vll,
505 2167 562 2196 67.
604 2168 638 2198 et
658 2174 832 2197 nursicus
853 2168 1072 2206 palaestrita
1095 2169 1164 2208 111,
1199 2168 1252 2197 58.
1276 2165 1322 2196 ita
1347 2164 1468 2195 Graeci

391 2209 553 2243 ΥΓΡΑΣ
568 2212 802 2256 παλαίστρας,
843 2215 876 2243 et
898 2213 1151 2245 ΛΙΠΑΡΑΣε
1194 2214 1333 2252 propter
1359 2212 1469 2242 oleum

391 2253 535 2287 scilicet:
582 2258 670 2288 unde
692 2265 840 2289 NlTlDUS
865 2261 1030 2299 magister
1055 2259 1195 2289 vocatur
1219 2259 1362 2296 Pollux,
1386 2257 1472 2287 The-

391 2299 507 2332 baide:
557 2304 592 2333 et
633 2311 769 2335 m'rlms
807 2307 1005 2344 palaestris
1047 2304 1214 2336 Martialis
1257 2305 1373 2344 Epigr.
1414 2305 1471 2340 lv,

393 2348 424 2376 8-
488 2348 640 2381 Acumen
691 2359 774 2381 vero
825 2353 859 2382 et
910 2353 1106 2389 oxymoron
1162 2351 1298 2381 affectat
1345 2351 1471 2380 Noster

389 2390 427 2423 in
463 2393 603 2426 vocibus
642 2396 791 2436 liquidas
827 2398 860 2428 et
898 2399 1055 2428 nodare:
1100 2398 1233 2438 liquida
1270 2396 1359 2427 enim
1401 2405 1471 2426 non

391 2442 535 2476 possunt
586 2443 720 2473 nodari.
792 2443 859 2474 Pro
907 2444 1053 2485 Indulge
1106 2446 1227 2474 sacris
1274 2442 1471 2481 Tiliobruga

389 2483 427 2514 in
452 2487 751 2519 Observationibus
775 2487 843 2521 ita:
874 2490 1054 2531 „Indulge
1079 2496 1118 2520 ΙΝ
1143 2490 1273 2528 sacris]
1299 2489 1344 2520 al.
1375 2489 1471 2519 deest

390 2538 470 2570 „m-
512 2533 572 2563 sed
600 2535 671 2565 fors
703 2534 746 2564 sit
780 2544 824 2565 an
854 2536 1031 2575 legendum
1062 2542 1122 2567 His
1159 2535 1325 2568 sacrz·s.“
1380 2537 1470 2566 Sane

389 2577 516 2608 nullam
556 2579 663 2611 adhue
698 2579 767 2611 vidi
801 2581 981 2613 editionem
1014 2590 1099 2622 quae
1134 2578 1176 2614 τὸ
1210 2590 1247 2612 m
1283 2581 1469 2612 retineret:

387 2622 539 2654 Romana
559 2628 672 2656 tamen
700 2628 801 2665 plane
817 2650 827 2669 ,
858 2630 996 2670 indulge
1019 2634 1078 2658 nis
1104 2630 1244 2663 sacris,
1268 2630 1369 2665 prout
1390 2636 1471 2657 con-

383 2667 515 2706 jecerat
536 2671 749 2713 Tiliobroga,
776 2675 810 2702 et
834 2674 1115 2713 sensuspostulat.
1148 2673 1197 2704 ita
1231 2673 1390 2704 Thebaid.
1414 2675 1471 2715 in,

390 2716 470 2747 719.
493 2723 579 2747 nme
603 2726 718 2749 annue
741 2727 849 2749 sacro.

434 2771 467 2792 v.
494 2764 571 2793 160.
663 2765 754 2795 Nam
788 2765 907 2804 capit,
955 2769 991 2794 et
1019 2769 1153 2795 tantum
1173 2773 1243 2793 non
1268 2762 1471 2802 dedignatur

389 2806 577 2846 honorem]
624 2809 676 2841 Ita
708 2809 884 2840 editiones.
918 2810 1104 2841 Politianus
1136 2812 1249 2839 tamen
1274 2809 1382 2848 Epist.
1410 2811 1468 2850 VI,

396 2856 424 2883 l.
448 2853 579 2886 monuit
611 2863 647 2885 se
684 2855 872 2887 restituisse
902 2858 1039 2887 verbum
1064 2857 1288 2897 degeneravit
1308 2855 1343 2885 in
1371 2864 1468 2886 suum

389 2898 520 2942 locum,
545 2900 581 2931 in
610 2911 707 2940 quem
739 2902 889 2933 subierat
912 2903 1147 2943 dedignatur:
1177 2901 1397 2940 proculdubio
1423 2911 1468 2933 ex

391 2947 495 2987 MS⁰,
531 2947 640 2986 inquit
672 2949 883 2985 Gronovius,
924 2948 1033 2980 Diatr.
1074 2959 1102 2979 c.
1129 2948 1250 2979 XXVI.
1275 2947 1357 2979 haec
1379 2948 1466 2979 enim

390 2992 472 3021 talia
506 2996 584 3024 sunt
613 2995 652 3024 ut
683 2996 723 3026 ab
756 2995 892 3034 ingenio
929 2996 1021 3026 nudo
1048 2994 1211 3033 proticisci
1236 3003 1304 3024 non
1327 2995 1467 3033 possint.

391 3036 432 3065 El
456 3039 588 3074 quidem
615 3041 825 3082 degenerare
861 3051 935 3073 cum
972 3044 1091 3081 quarto
1119 3050 1198 3072 casu
1229 3042 1371 3080 probum
1398 3044 1466 3073 est:

391 3082 526 3114 Ovidius
549 3086 677 3117 Pontic.
705 3089 764 3126 111,
794 3091 821 3119 l.

481 3129 613 3169 Magna
636 3134 699 3162 tibi
719 3134 882 3173 imposita
907 3138 958 3164 est
984 3134 1115 3164 nostris
1135 3141 1291 3173 persona
1312 3133 1440 3165 libellis
1451 3141 1467 3173 ,-

527 3176 688 3215 conjugis
712 3180 902 3219 exemplum
925 3181 1053 3212 diceris
1077 3188 1152 3212 esse
1180 3180 1315 3219 honae,-

475 3218 569 3250 Hanc
597 3231 681 3252 cave
704 3223 899 3262 degeneres.

1217 1754 1373 1786 Lucanus
1408 1753 1470 1794 IX,

1227 385 1414 434 NOTAE
1449 398 1518 434 AD
1550 386 1656 433 Lm.
1691 385 1776 433 Ill.
1813 391 1854 433 1.

2331 413 2457 463 9140
2485 415 2606 465 9141

1527 513 1574 544 Et
1612 513 1750 543 Metam.
1779 511 1857 550 vn,
1881 512 1958 543 542.

1617 556 1711 589 Acer
1729 567 1837 598 equus
1855 558 2038 599 quondam,
2047 559 2262 604 nulguceeqn&¹
2275 565 2316 597 tn
2329 567 2475 607 pulvere
2485 571 2616 613 famae

1619 603 1828 644 Degenerat·
1840 605 1968 644 palmas
1979 613 1988 636 τ
2392 642 2396 645 ,

1528 648 1577 680 ita
1599 649 1682 681 libri
1705 649 1890 692 meliores,
1918 651 2066 682 testante
2089 651 2254 695 Heinsio,
2288 662 2357 687 non
2381 657 2542 701 Degener
2567 662 2618 693 aa

1526 695 1694 735 palmas:
1735 696 1816 727 licet
1852 697 1916 728 hoc
1948 706 2081 737 quoque
2115 700 2277 738 probum3
2319 706 2361 734 ut
2389 704 2534 746 degener
2567 708 2618 739 aa

1525 743 1689 781 pericula
1714 742 1838 774 -Tacito
1874 744 1995 775 Annal.
2023 745 2050 775 1.
2096 745 2222 778 Noster
2244 745 2347 778 Theb.
2375 749 2441 791 lv,
2466 752 2546 784 us.
2572 752 2616 785 de

1530 787 1691 828 Tirynthe
1715 790 1821 821 urbe:

2089 845 2159 867 non
2171 836 2336 879 fortibus
2357 839 2423 871 illa

1622 879 1826 922 Infecunda
1850 881 1964 917 viris,
1987 880 2154 912 famamve
2178 883 2339 914 immanis
2362 886 2498 917 alumni

1622 926 1842 965 Degenerat3
1866 927 1928 957 sed
1948 926 2054 966 lapsa
2074 920 2342 970 sicu'fortuna:
2423 953 2425 956 v

1534 970 1582 1002 ita
1615 971 1816 1012 legendum3
1862 972 1965 1012 vulgo
1994 974 2177 1015 famaque.
2225 974 2292 1006 sed
2318 974 2386 1007 alia
2408 974 2498 1008 ratio
2519 975 2621 1015 hujus

1533 1019 1568 1048 et
1605 1017 1750 1050 istorum
1784 1018 1956 1049 locorum:
2003 1019 2127 1059 quippe
2159 1019 2339 1052 ridiculum
2374 1024 2466 1053 esset
2504 1022 2621 1054 dicere

1533 1064 1660 1094 Pollam
1682 1074 1751 1096 non
1767 1065 1977 1104 degenerare
1999 1063 2163 1098 honorem
2182 1075 2281 1105 quem
2305 1066 2357 1098 illi
2380 1069 2476 1108 optat
2497 1070 2622 1109 βοείας

1533 1112 1569 1141 et
1592 1113 1840 1150 consequenter
1864 1110 1926 1141 illa
1951 1112 2099 1143 nondum
2130 1113 2270 1152 aceepit.
2315 1115 2521 1158 Praeterea,
2548 1122 2623 1147 vox

1535 1158 1636 1195 capit
1665 1166 1735 1188 non
1767 1157 2008 1196 praeteritum,
2052 1158 2112 1189 sed
2146 1167 2309 1197 praesens
2339 1161 2471 1200 tempus
2506 1168 2623 1193 seeum

1536 1203 1696 1234 connecti
1729 1203 1894 1242 requirit3
1942 1210 2049 1234 cAPrr
2072 1209 2109 1236 et
2133 1214 2201 1236 non
2230 1213 2459 1239 naseuntur.
2503 1206 2623 1239 veris·-

1535 1248 1620 1280 sima
1659 1249 1832 1280 restitutio
1868 1249 2052 1291 Gronovii,
2111 1250 2167 1289 qui
2199 1253 2295 1290 putat
2326 1249 2367 1286 τὸ
2401 1253 2625 1295 degeneravi!

1534 1294 1679 1334 positum
1703 1304 1778 1326 esse
1801 1303 1863 1334 pro
1881 1296 2124 1337 degenerabit;
2151 1298 2335 1338 (frequenti
2354 1298 2430 1331 vice
2446 1299 2624 1331 literarum

1535 1349 1559 1372 v
1598 1342 1632 1372 et
1668 1341 1704 1381 Β)
1736 1341 1800 1372 hoc
1832 1349 1915 1372 vero
1942 1351 2004 1380 pro
2037 1342 2184 1382 degener
2207 1344 2336 1385 ambit,
2375 1344 2480 1378 litera
2500 1353 2527 1378 u
2552 1354 2623 1378 non

1536 1387 1728 1428 adscripta,
1750 1386 1809 1418 sed
1835 1390 1917 1418 nota
1942 1387 2013 1426 ejus
2039 1396 2140 1426 super
2164 1396 2188 1419 Α
2216 1389 2345 1427 posita:

1627 1435 1719 1465 Nam
1742 1434 1861 1472 capit,
1901 1439 1935 1466 et
1958 1437 2096 1466 tantum
2118 1443 2188 1465 non
2214 1434 2363 1475 degener
2386 1435 2490 1468 ambit
2517 1435 2625 1470 bono-

1755 1489 1838 1511 rem.

1536 1523 1628 1562 Nihil
1653 1524 1785 1556 verius:
1833 1526 1868 1556 et
1892 1526 1964 1556 MS.
1989 1525 2081 1556 Flor.
2103 1523 2204 1556 habet
2229 1527 2477 1567 degenerabit5
2519 1529 2554 1559 et
2577 1527 2625 1558 ita

1536 1570 1572 1600 in
1597 1571 1773 1602 Parmensi
1806 1579 1869 1610 ego
1891 1570 2020 1602 inveni.
2067 1570 2227 1602 Boethius
2249 1573 2384 1604 consol.
2408 1573 2532 1605 Philos-
2559 1575 2622 1606 ul.

1537 1618 1639 1648 Metr.
1667 1619 1698 1648 8.

1631 1663 1724 1702 Quid
1747 1663 1886 1703 dignum
1910 1662 2045 1692 stolidis
2076 1662 2246 1694 mentibus
2273 1662 2472 1703 imprecer?

1679 1708 1770 1748 Opes
1784 1728 1796 1745 ‚
1818 1707 1965 1738 honores
1989 1707 2147 1738 ambiant.

1539 1752 1640 1783 Recte
1667 1754 1770 1786 etiam
1796 1763 1866 1784 non
1891 1754 2056 1793 degener:
2081 1751 2251 1784 Ausonius
2282 1755 2416 1786 Mosen.
2440 1763 2475 1786 v.
2501 1755 2579 1788 355.

1634 1799 1731 1830 Sura
1755 1804 1841 1830 tuas
1861 1804 2035 1837 properat
2057 1807 2126 1830 non
2157 1799 2307 1837 degener
2336 1802 2388 1835 ire
2415 1802 2478 1832 :ab
2500 1802 2625 1834 undar.

1539 1844 1676 1876 Tacitus
1697 1845 1820 1876 Annal.
1843 1844 1910 1884 IV,
1935 1846 1990 1875 61.
2037 1843 2125 1875 Fine
2150 1847 2241 1876 anni
2263 1854 2448 1878 excessere
2470 1848 2626 1889 insignes

1540 1892 1634 1931 viri,
1676 1891 1821 1922 Asinius
1845 1888 2005 1930 Agrippa
2029 1890 2138 1922 claris
2179 1889 2370 1929 majoribus
2395 1901 2498 1932 quam
2523 1897 2626 1926 vetu-

1541 1939 1628 1977 stis,
1670 1940 1817 1979 vitaque
1856 1944 1924 1966 non
1950 1936 2119 1975 degener3
2161 1941 2199 1967 et
2218 1938 2259 1975 Q.
2281 1936 2457 1970 Haterius
2475 1939 2625 1981 familt'a

1541 1985 1736 2015 senatoria.
1797 1983 1924 2014 Noster
1958 1982 2062 2013 Theb.
2099 1982 2160 2023 lX,
2182 1983 2261 2013 619.
2286 1983 2327 2013 de
2351 1984 2626 2025 Parthenopaeo:

2023 2037 2087 2059 nec
2112 2028 2261 2068 degener
2282 2030 2340 2060 ille

1633 2074 1834 2115 Sanguinis
1841 2083 1859 2114 ‚·
1906 2075 2011 2114 inque
2048 2084 2140 2106 meos
2176 2077 2335 2116 reptavit
2358 2080 2530 2117 protenus
2562 2086 2627 2109 m·-

1759 2129 1841 2157 cus,
2565 2141 2581 2148 s

1633 2165 1782 2207 Telaque
1804 2174 1870 2205 per
1891 2166 2061 2198 lacrimas
2084 2170 2121 2197 et
2134 2167 2254 2206 prima
2279 2175 2363 2198 voce
2382 2170 2566 2208 poposcu'tae

1539 2209 1588 2241 ita
1613 2211 1812 2251 legendum3
1841 2212 1942 2251 vulgo
1967 2211 2041 2242 sine
2065 2220 2188 2254 sensu,
2229 2213 2314 2244 Tela
2335 2223 2428 2253 puer
2449 2215 2625 2254 lacrimis·

1538 2256 1698 2289 Heinsius
1736 2259 1778 2289 ad
1809 2258 1906 2289 ovid.
1937 2259 2066 2289 Pontic.
2097 2260 2158 2289 111.
2189 2261 2218 2289 1.
2244 2259 2430 2292 assent-itur
2451 2259 2626 2305 emovit)

1539 2302 1581 2333 de
1619 2302 1667 2346 τῷ
1699 2301 1846 2346 degener
1867 2305 1999 2336 ambit:
2044 2307 2078 2335 et
2099 2305 2209 2335 locum
2239 2305 2426 2337 Thebaidos
2445 2305 2521 2347 my
2541 2306 2625 2338 149..

1538 2358 1669 2380 mecum
1705 2351 1882 2389 emendat;
1927 2350 1992 2381 nisi
2027 2351 2115 2389 quod
2148 2360 2211 2390 pro
2237 2353 2421 2393 firmamve
2452 2352 2534 2383 citat
2555 2351 2624 2394 fa-

1539 2405 1718 2436 mamque.-
1761 2398 1875 2428 verius
1897 2397 2051 2427 alterum.
2097 2398 2149 2427 De
2173 2396 2418 2436 significatione
2439 2395 2534 2429 verbi
2559 2407 2622 2428 ca-

1534 2451 1620 2481 pere
1645 2451 1748 2481 supra
1778 2443 1852 2484 egi,
1897 2442 2045 2481 Epithal.
2073 2443 2198 2474 Stellae
2224 2442 2289 2486 yv.
2317 2445 2392 2474 107.
2441 2443 2538 2480 Quod
2562 2452 2624 2474 ve-

1539 2497 1579 2518 ro
1605 2490 1699 2527 optat
1722 2488 1849 2520 Statius
1874 2490 1912 2519 ut
1937 2489 2102 2520 Hercules
2125 2495 2219 2518 PomA
2243 2489 2376 2528 ingerat
2398 2488 2434 2518 iu
2454 2492 2622 2531 gremium

1539 2535 1675 2575 Pollae,
1720 2535 1841 2573 pudice
1877 2534 1990 2565 innuit
2017 2534 2145 2565 Pollam
2169 2534 2336 2566 desiderio
2364 2533 2548 2567 liberorum
2571 2537 2624 2566 te-

1538 2580 1632 2611 neri:
1651 2589 1757 2620 poma
1780 2580 1869 2612 enim
1891 2579 2069 2611 Veteribus
2089 2580 2313 2613 credebantur
2335 2584 2534 2621 conceptum
2561 2581 2624 2612 ad·-

1536 2627 1684 2666 juvare,
1730 2628 1763 2656 et
1797 2628 1872 2657 erat
1905 2626 2069 2667 lascivum
2104 2626 2239 2665 aliquod
2261 2627 2298 2658 in
2322 2627 2419 2658 istius
2445 2628 2540 2660 vocis
2563 2636 2624 2660 no·

1538 2672 1650 2703 tione:
1676 2672 1766 2703 unde
1789 2672 1878 2703 istud
1903 2671 2082 2712 Propertii,
2109 2674 2137 2712 l,
2168 2674 2199 2704 3.

1630 2716 1681 2747 Et
1700 2719 1794 2749 modo
1809 2720 1960 2761 furtivis
1985 2725 2080 2749 Pom
2106 2719 2224 2749 dabam
2246 2719 2433 2749 manibus.-

1539 2773 1613 2795 cum
1636 2764 1808 2802 cynthiam
1826 2764 1988 2796 inviseret
2009 2764 2248 2796 dormientem:
2272 2767 2306 2795 et
2327 2763 2486 2804 Virgilius
2504 2763 2624 2805 Eclog.

1627 2857 1735 2886 ΜΑιο
1761 2866 1813 2886 me
1839 2855 1993 2887 Galatea
2011 2858 2126 2896 petit,
2150 2863 2300 2888 LAsciVA
2319 2856 2452 2897 puella.

1537 2902 1581 2932 Et
1603 2901 1722 2940 Eclog.
1747 2903 1795 2942 Π,
1821 2904 1875 2934 51.

1627 2948 1710 2987 Ipse
1731 2958 1790 2988 ego
1816 2958 1910 2979 cana
1932 2947 2042 2987 legam
2067 2951 2190 2978 tenera
2216 2948 2380 2988 lanugine
2401 2950 2517 2978 MDA:

1538 2993 1579 3023 ad
1603 3002 1688 3031 quae
1714 2993 1875 3026 Servius:
1918 2994 2108 3024 verecunde
2135 3003 2208 3023 rem
2239 2994 2456 3024 inhonestant
2477 2989 2617 3027 suppri-

1538 3042 1621 3080 mit,
1648 3050 1749 3080 quam
1780 3041 1983 3072 Theocritus
2007 3044 2130 3078 aperte
2154 3042 2400 3070 commemorat·
2421 3033 2499 3066 vide
2518 3041 2620 3072 prae-

1538 3086 1703 3117 cedentia.
1749 3089 1854 3118 Vetus
1878 3085 2093 3126 Epigramma
2117 3094 2137 3116 a
2159 3084 2333 3124 scaligero
2355 3081 2503 3114 editum:

1629 3133 1800 3172 Qualibus
1825 3134 2056 3172 Hsppomenes
2083 3134 2206 3170 rapuit
2230 3127 2444 3173 Schoeneida
2469 3131 2591 3165 roms,

1675 3180 1843 3217 Qualibus
1865 3176 2089 3217 Hesperidum
2112 3177 2234 3207 nobilis
2260 3175 2381 3206 hortus
2406 3177 2495 3203 erat.

1537 3224 1736 3262 Hujusmodi
1762 3225 1863 3264 igitur
1888 3233 2008 3263 poma,
2046 3221 2156 3259 inquit
2178 3221 2324 3261 Statius,
2360 3220 2456 3258 inger
2481 3216 2519 3247 in
2540 3226 2618 3255 gre·
2661 3224 2670 3235 ⁶
