2892 3840
29 1154 41 1175 a·
14 804 65 1135 *ffb-am*
11 758 37 787 Ψ
22 648 43 657 ι
10 580 46 628 t,
45 538 51 551 y„
48 424 50 426 ⁴

51 855 53 857 “
50 774 51 778 ⁴
54 724 57 727 ¹
58 678 59 681 Α
49 605 62 654 ’<-’
56 556 63 588 -.ι
59 475 65 478 ,
53 415 60 433 *ἢ
55 319 64 379 ’μμᾼί

58 687 67 693 ι
63 590 68 609 ,.
66 460 70 470 ,«
74 374 82 394 „s
70 341 85 358 χ,
67 315 69 318 *
66 197 102 289 12·J‘³,''''’
91 143 99 180 ,n

248 527 379 576 ’13111
407 530 654 577 moriente
681 528 789 587 die,
815 522 984 594 rapuit
1017 544 1100 577 me
1129 543 1253 577 cena
1285 529 1489 592 benigni

267 616 506 664 vindi-is.
574 616 699 664 haec
731 618 862 664 imos
886 618 1053 665 animi
1078 616 1313 681 perlapsa
1339 630 1566 664 recessus

265 705 618 769 Inconsumpta
649 714 835 753 manet.
900 719 1062 769 neque
1097 706 1232 752 enim
1271 705 1489 753 ludibria
1515 704 1710 753 ventris

266 791 539 841 Hausimus
555 827 570 851 ‚
599 802 688 850 aut
717 794 889 858 epulas
923 794 1124 843 diverso
1155 810 1184 841 e
1216 794 1321 841 sole
1355 795 1559 858 petitas,

266 880 493 944 Vinaque
524 885 781 946 perpetuis
811 897 939 931 aevo
975 883 1217 930 certantia
1245 881 1404 929 fastis.

267 963 351 1011 Ah
384 966 581 1027 miseri,
618 985 742 1033 quos
775 985 925 1018 nosse
948 971 1125 1031 juvat,
1154 970 1275 1034 quid
1307 968 1672 1019 Phasidis'ales

267 1052 438 1100 Distet
467 1057 530 1103 ab
562 1058 773 1106 hiberna
796 1058 1065 1119 Rhodopes
1096 1073 1241 1119 grue:
1283 1059 1395 1120 quis
1422 1060 1582 1119 magis
1613 1074 1761 1107 anser

265 1140 405 1189 Exta
434 1143 588 1191 ferat:
617 1160 703 1192 cur
738 1145 964 1193 Thuscus
999 1160 1121 1208 aper
1152 1146 1439 1206 generosior
1468 1142 1681 1195 Umbro}
1750 1153 1756 1157 '

264 1228 479 1277 Lubrica
522 1247 622 1295 qua
658 1234 897 1282 recubent
912 1234 1187 1295 >conchylia
1226 1233 1429 1280 mollius
1464 1234 1589 1296 alga.

190 1349 194 1351 -
264 1314 423 1365 Nobis
448 1335 600 1368 verus
628 1337 769 1370 amor
782 1356 797 1380 ‚
831 1324 1098 1387 medioque
1133 1321 1374 1370 Helicone
1407 1324 1598 1385 petitus

239 1457 251 1468 „
266 1404 468 1466 Sermo,
507 1409 787 1475 hilaresque
814 1413 917 1474 joci
953 1411 1229 1459 brumalem
1264 1411 1528 1458 absumere
1558 1420 1757 1460 noctem

266 1493 565 1557 suaserunt,
600 1501 899 1564 mollemque
940 1500 1093 1547 oculis
1125 1499 1380 1563 expellere
1416 1513 1679 1560 somnum3
1733 1514 1740 1563 ξ

263 1581 438 1632 Donec
471 1586 535 1634 ab
564 1588 753 1650 Elysiis
780 1590 1048 1651 prospexit
1080 1587 1285 1634 sedibus
1323 1587 1451 1634 alter

266 1669 468 1733 Castor,
503 1684 557 1723 et
584 1676 845 1724 hesternas
874 1677 989 1724 risit
1022 1675 1261 1724 Tithonia
1292 1692 1507 1724 mensas.

267 1759 311 1807 Ο
341 1761 474 1811 bona
497 1768 629 1812 nox!
656 1752 927 1829 Junctaque
961 1767 1156 1813 utinam
1190 1765 1460 1838 Tirynthia
1486 1766 1629 1813 luna!

265 1849 412 1909 Nox,
450 1860 503 1899 et
534 1853 846 1914 Erythraeae
876 1853 1106 1901 Thetidis
1133 1855 1378 1916 signanda
1404 1855 1605 1916 lapillis,

266 1938 335 1987 Et
372 1942 699 1989 memoranda
736 1942 824 1990 diu
861 1945 1157 2006 geniumque
1186 1943 1420 1990 habitura
1450 1957 1735 2005 perennem.

266 2027 405 2075 Mille
434 2029 505 2076 ibi
541 2038 659 2078 tunc
687 2033 877 2095 species
908 2032 1135 2095 aerisque
1162 2032 1424 2095 eborisque
1454 2033 1658 2089 vetusti,

268 2116 434 2181 Atque
464 2119 713 2166 locuturas
747 2122 960 2167 mentito
991 2136 1199 2184 corpore
1230 2136 1369 2168 ceras

268 2205 481 2253 Edidici.
516 2210 627 2271 quis
654 2223 870 2272 namque
905 2210 1059 2257 oculis
1085 2211 1353 2258 certaverit
1381 2224 1593 2274 usquam

269 2293 491 2342 Vindicis
504 2330 519 2352 ‚
561 2299 804 2344 artificum
842 2306 1041 2346 veteres
1076 2315 1370 2361 cognoscere
1405 2299 1601 2356 ductus,

268 2383 338 2429 Et
369 2398 472 2430 non
501 2386 754 2449 inscriptis
788 2394 1040 2434 auctorem
1073 2388 1284 2435 reddere
1318 2389 1505 2449 signis?

269 2471 365 2519 Hic
396 2474 488 2520 tibi
518 2488 643 2537 quae
671 2474 817 2523 docto
847 2476 1058 2522 multum
1084 2477 1292 2537 vigilata
1324 2476 1525 2537 Myroni

271 2560 430 2618 Aera,
480 2562 735 2610 laboriferi
763 2566 943 2613 vivant
971 2581 1097 2628 quae
1132 2581 1385 2613 marmora
1413 2566 1550 2613 caelo

272 2648 563 2708 Praxitelis,
595 2653 728 2715 quod
756 2654 878 2700 ebur
908 2654 1085 2702 Pisaeo
1112 2655 1290 2719 pollice
1318 2671 1505 2713 rasum,

272 2734 419 2794 'Quod
444 2739 737 2801 Polycleteis
758 2744 955 2804 jussum
982 2752 1061 2791 est
1087 2745 1277 2808 spirare
1310 2746 1535 2802 caminis,

272 2826 430 2874 Linea
458 2844 584 2890 quae
609 2838 833 2877 veterem
863 2833 1007 2894 longe
1041 2834 1259 2880 fateatur
1290 2828 1536 2898 Apellem,

272 2916 594 2965 Monstrabit:
627 2932 841 2981 namque
870 2919 1017 2976 haec,
1059 2925 1253 2983 quoties
1288 2923 1466 2983 chelyn
1498 2924 1645 2970 exuit
1666 2924 1765 2979 ille,

272 3006 484 3054 Desidia
516 3015 616 3065 est3
650 3007 730 3054 hic
752 3007 928 3054 Aoniis
951 3024 1096 3057 amor
1123 3018 1301 3058 avocat
1331 3013 1502 3057 antris.

525 3138 580 3146 7⁴-

359 3239 396 3268 v.
428 3240 479 3268 18.
507 3239 603 3277 Vulg.
632 3246 869 3269 maumas.
915 3241 969 3270 20.
994 3247 1062 3269 [8¹.
1108 3241 1160 3270 23.
1187 3247 1400 3271 Aesoscans.
1448 3242 1503 3271 28.
1537 3247 1643 3270 visun
1666 3243 1724 3270 en.

1610 3296 1646 3342 P

886 454 907 461 ,
950 416 1424 455 ειινΔιιυιι
1488 405 1655 454 Lrn.
1722 403 1802 454 IV.

2400 408 2500 465 113

2440 1157 2505 1201 10

2442 1599 2502 1644 15

2428 2484 2493 2529 25

2427 2932 2494 2977 30
