2892 3840
398 384 501 434 258

405 518 444 541 sa
483 509 567 543 satis
601 510 720 551 quibus
750 521 823 544 eam
858 512 1003 543 tueatur.
1070 511 1160 540 Cave
1191 517 1274 541 vero
1316 510 1413 549 putes
1447 507 1488 543 τὸ

405 559 485 588 irae
518 557 573 589 hic
598 558 691 589 aliud
715 559 795 598 quid
818 559 979 589 denotare
1004 564 1102 594 quam
1125 557 1283 593 animos,
1327 557 1488 596 spiritns,

404 602 614 635 fortitudinis
642 607 676 635 et
710 604 842 636 virtutis
877 603 1016 633 indices.
1046 603 1084 633 ut
1118 600 1222 634 Theb.
1257 603 1315 642 IV,
1337 603 1418 634 228.
1444 602 1486 633 de

404 649 618 682 Laconibus:

625 696 723 726 Deus
755 696 831 734 ipse
856 696 950 725 viros
975 695 1010 725 in
1029 694 1179 734 pulvere
1202 695 1309 726 crudo

494 740 611 772 Areas
638 742 704 772 alit
712 750 728 780 ‚·
751 741 928 780 nudaeque
952 741 1067 772 modos
1093 743 1240 773 virtutis
1255 761 1268 779 ,
1295 745 1327 773 et
1351 739 1421 771 iras

498 788 710 828 Ingenerat:

408 831 449 862 de
467 834 658 873 palaestra
681 829 849 869 loquitur3
874 830 913 861 ut
936 831 970 861 et
992 832 1058 872 vl,
1083 831 1161 863 830.

900 879 956 907 sic
978 879 1056 909 otia
1078 878 1207 909 Martis

498 923 652 963 Degere,
678 927 714 954 et
737 923 929 965 armiferas
955 924 1084 954 laxare
1111 926 1327 956 adsueverat
1350 924 1419 956 iras

494 969 656 1009 Ingentes
668 970 805 999 'contra
831 969 888 999 ille
911 970 1028 1010 viros,
1053 970 1221 1003 Acheloia
1246 972 1379 1001 circum

496 1013 644 1054 Litora,
661 1015 857 1058 felicesque
882 1016 942 1046 deo
964 1022 1182 1048 monstrante
1203 1017 1410 1057 palaestras
1424 1025 1437 1046 :

404 1069 528 1107 passim
571 1070 735 1102 invenies.
793 1073 859 1103 Per
896 1073 1044 1104 lustrum
1083 1081 1165 1105 vero
1198 1073 1399 1114 intelligitur
1431 1071 1494 1104 ali-

406 1117 491 1153 quod
525 1119 654 1155 tcmpus
694 1127 751 1148 seu
780 1119 941 1157 temporis
975 1119 1133 1158 periodus
1167 1129 1252 1158 quae
1287 1121 1385 1152 statis
1409 1118 1494 1150 vici-

406 1163 467 1192 bus
493 1163 649 1194 recurrit.
676 1163 725 1195 ita
747 1163 870 1195 Eleum
893 1165 1042 1196 lustrum
1064 1165 1100 1195 in
1129 1165 1258 1197 Phileto
1284 1167 1372 1208 Ursi,
1400 1165 1490 1196 idem

407 1209 495 1246 quod
529 1210 720 1249 olympias,
763 1212 907 1249 quatuor
940 1210 1127 1251 annorum,
1166 1221 1226 1242 seu
1261 1213 1350 1251 quod
1372 1212 1490 1252 quinto

407 1264 538 1294 quoque
571 1265 662 1287 anno
684 1253 935 1288 revertebatur.
956 1257 1003 1288 ita
1027 1257 1217 1289 Eucharist.
1242 1267 1273 1288 v.
1297 1261 1355 1290 62.

499 1301 612 1342 Saepe
636 1306 814 1334 coronatis
838 1305 942 1335 iteres
963 1303 1203 1342 quinquennia
1225 1303 1360 1336 lustris!

407 1357 543 1388 Tacitus
581 1360 704 1391 Annal.
729 1361 822 1400 XVI,
859 1362 893 1402 2,
940 1359 992 1391 Ac
1006 1362 1106 1404 forte
1131 1361 1382 1401 quinquennale
1407 1360 1494 1390 Iudi-

409 1413 504 1434 crum
554 1408 706 1439 secundo
749 1407 859 1438 lustro
908 1408 1163 1441 celebrabatur.
1227 1410 1358 1440 Seneca
1401 1408 1492 1446 Aga-

405 1459 527 1481 memn.
554 1459 586 1482 v.
608 1453 666 1483 42.

497 1496 586 1527 Post
608 1499 700 1528 dena
720 1497 845 1528 Phoebi
869 1498 987 1538 lustra,
1005 1504 1091 1538 post
1113 1503 1251 1538 captum
1275 1500 1381 1532 Ilium

497 1541 609 1573 Adest
629 1544 779 1574 daturus
805 1544 945 1585 conjugi
956 1544 1118 1585 jugulum
1140 1554 1247 1576 suae:

409 1587 486 1624 post
514 1588 601 1619 dena
624 1589 753 1620 Phoebi
777 1590 917 1631 lustra,
955 1590 987 1621 id
1014 1593 1084 1630 est,
1118 1600 1230 1622 annos
1258 1592 1380 1623 decem.
1406 1592 1493 1623 bene

412 1631 515 1671 igitur
541 1635 652 1666 veloci
658 1647 671 1666 .-

500 1679 629 1712 Annua
653 1682 767 1712 veloci
779 1686 954 1722 peragunt
978 1683 1170 1713 certamina
1194 1682 1318 1713 lustro.

412 1737 541 1777 contra,
564 1740 684 1780 ingens
705 1739 855 1768 lustrum
881 1740 981 1769 vocat
997 1738 1163 1770 Martialis
1189 1739 1332 1778 spatium
1360 1744 1496 1771 centum

410 1792 604 1858 ianuarum:
654 1794 719 1823 quo
765 1784 933 1822 completo
977 1785 1222 1817 exhibebantur
1255 1785 1341 1816 Ludi
1374 1788 1498 1818 Saecu-

425 1837 522 1860 ares:

501 1874 578 1905 Hic
602 1875 698 1907 colat
719 1874 849 1914 ingenti
876 1876 1059 1905 redeuntia
1084 1875 1231 1905 saecula
1255 1875 1376 1907 lustro.

412 1929 593 1973 Sequitur,
628 1932 699 1963 Hic
725 1932 862 1971 templis
891 1931 1096 1972 inscriptus,
1134 1941 1200 1962 avo
1223 1934 1411 1974 gaudente,
1437 1942 1496 1964 sa-

414 1978 544 2008 cerdos.
594 1977 734 2009 Minime
772 1978 887 2008 dubito
921 1978 1001 2017 quin
1029 1977 1125 2010 Statii
1151 1988 1269 2009 manus
1296 1979 1398 2010 suerit
1420 1979 1495 2010 Hic

413 2024 552 2063 templis
587 2024 799 2064 adscriptus,
832 2034 898 2054 avo
933 2026 1127 2066 gaudente:
1170 2024 1235 2055 nisi
1260 2025 1398 2064 probari
1421 2027 1499 2065 pot-

415 2071 466 2098 est
508 2071 646 2102 nomina
679 2070 900 2106 Sfficerdotum
947 2071 980 2101 in
1018 2070 1131 2109 aliqua
1164 2071 1280 2109 templi
1317 2073 1412 2111 parte
1445 2074 1497 2103 in·

415 2116 530 2155 sculpi
565 2118 693 2148 solere:
735 2118 799 2147 hoc
828 2117 917 2147 enim
952 2118 1026 2148 vult
1058 2114 1098 2149 τὸ
1126 2118 1322 2157 inscriptus
1350 2119 1496 2158 templis.

415 2161 483 2191 alia
512 2171 567 2192 res
600 2164 651 2194 est
681 2165 881 2202 adscriptus
915 2165 1048 2203 templis
1075 2164 1254 2201 sacerdos,
1296 2174 1417 2203 nempe
1442 2174 1501 2196 as-

415 2209 597 2248 signatus,
644 2215 848 2240 numeratus
908 2211 1000 2241 inter
1053 2211 1264 2242 sacerdotes.
1338 2211 1499 2242 Horatius

416 2255 524 2289 carm,-
550 2256 612 2298 111,
635 2256 666 2287 3.

939 2302 1074 2331 discere
1097 2302 1252 2332 nectaris

553 2345 705 2386 Succos,
730 2351 766 2377 et
789 2345 934 2377 adscribi
956 2349 1079 2387 quietis

554 2390 743 2423 Ordinibus
766 2395 892 2431 patiar
914 2393 1079 2426 Deorum.

418 2437 629 2477 Capitolinus
668 2438 703 2469 in
728 2439 899 2470 Antonino
925 2439 1125 2479 Philosoph0
1153 2451 1181 2472 c..
1207 2443 1280 2472 VH.
1331 2440 1380 2472 Ob
1403 2442 1497 2473 hanc

420 2484 692 2524 conjunctionem
727 2495 856 2524 pueros
893 2491 927 2516 et
956 2487 1096 2525 puellas
1131 2497 1296 2518 noi-orum
1327 2488 1499 2519 hominum

411 2532 678 2572 frumentariae
713 2531 925 2571 perceptioni
959 2533 1104 2564 adscribi
1133 2540 1403 2574 praeceperunt.
1437 2537 1502 2566 ad-

419 2580 512 2609 sumi
545 2578 663 2608 eodem
686 2586 786 2608 sensu
812 2580 934 2610 Noster
960 2579 1122 2612 Thebaid.
1145 2583 1236 2617 vlu,
1259 2582 1291 2610 9.

507 2624 661 2656 Necdum
712 2625 808 2655 illum
861 2631 925 2657 aut
962 2630 1089 2658 trunca
1134 2628 1357 2658 lustraverat
1399 2627 1500 2657 obvia

634 2676 720 2701 taxo

507 2714 697 2752 Eumenis,
718 2721 780 2746 aut
797 2717 909 2758 furvo
939 2716 1155 2757 Proserpina
1173 2724 1274 2758 poste
1297 2722 1443 2748 notarat

510 2761 669 2793 coetibus
691 2762 877 2793 adsumtum
894 2764 1050 2804 functis.

421 2807 525 2848 MoX,
546 2817 579 2839 v.
605 2808 662 2840 47.
691 2818 764 2839 cum
787 2811 905 2848 prima
929 2819 1099 2840 novercae
1123 2809 1283 2840 Μοηεῐνιτ
1301 2818 1406 2838 manu
1420 2817 1501 2847 pre-

423 2862 552 2891 meres,
600 2859 704 2895 atque
733 2857 940 2887 exanimata
974 2857 1118 2886 doleres.
1176 2857 1228 2886 Ex
1251 2856 1315 2887 hoc
1339 2855 1415 2885 loco
1439 2863 1500 2885 sua

422 2898 533 2931 hausit
558 2900 672 2932 Sidon.
719 2901 924 2940 Apollinaris
949 2905 1056 2933 Carni.
1080 2902 1162 2940 XV,
1189 2903 1265 2941 135,

512 2947 814 2987 Amphitryoniadi
836 2950 1002 2989 surgebat
1022 2951 1131 2980 tertia
1153 2950 1270 2980 vestis.

514 2995 690 3025 Parvulas
726 2994 782 3025 Itic
802 2997 938 3036 gemino
965 2997 1098 3027 cinctus
1126 3000 1283 3034 serpente
1306 3004 1476 3028 novercae

512 3041 652 3071 Inscius
678 3043 815 3073 arridet
832 3042 1011 3082 monstris,
1039 3042 1219 3082 ludumque
1239 3043 1398 3080 putando

513 3087 690 3128 Insidias,
713 3088 790 3118 dum
812 3091 949 3128 nescit,
968 3093 1064 3119 amat
1071 3098 1086 3127 ,·
1111 3088 1272 3126 vultuque
1301 3088 1446 3120 dolentis

512 3133 675 3171 Extingui
702 3134 801 3166 deflet
823 3144 905 3174 quos
929 3135 999 3173 ipse
1023 3134 1182 3166 interficit
1207 3144 1344 3174 angues.

427 3177 461 3209 Si
483 3177 556 3216 quis
576 3178 658 3209 haec
683 3179 784 3219 digna
810 3182 958 3213 exscribi
983 3191 1052 3212 non
1078 3183 1193 3222 putat,
1220 3191 1284 3213 nae
1312 3182 1406 3213 illum
1430 3191 1498 3214 non

428 3226 541 3254 amant
561 3225 690 3255 Musae.

1213 385 1400 432 NOTAE
1431 397 1499 433 AD
1534 385 1638 433 Lm.
1666 385 1744 432 ΠΙ.
1787 388 1827 432 1.

2517 410 2638 459 913⁰

1602 519 1636 541 v.
1660 511 1717 548 53,

1557 556 1683 590 cretius
1705 557 1761 587 VI.

1647 601 1777 634 Nubila
1800 601 1984 633 solvuntur
2006 602 2090 634 solis
2123 611 2230 645 super
2252 598 2470 643 iumffilore.

1555 648 1692 680 Tacitus
1722 648 1846 680 Annal.
1879 649 1924 681 11.
1986 649 2142 680 Ceterum
2166 648 2393 686 Germanicus
2408 656 2496 690 ‚aliis
2522 653 2637 697 §quo-

1557 705 1622 736 que
1662 695 1844 727 miraculis
1876 694 2028 725 animum
2058 696 2234 737 intendit5
2273 707 2415 738 qnorum
2440 703 2638 741 praecipua

1548 742 1657 784 fuere
1682 740 1876 772 Memnonis
1901 748 2018 771 saxea
2040 739 2196 784 effigies,
2239 743 2300 774 nbi
2318 745 2431 776 radiis
2451 746 2540 778 ⁴solis
2566 747 2636 778 icta

1557 789 1610 818 est
1642 788 1798 819 vocalem
1833 795 1954 818 sonum
1989 787 2147 819 reddens.
2204 788 2339 821 Tubero
2372 790 2462 829 apud
2494 792 2639 824 Gellium

1555 834 1654 865 Noct.
1678 833 1782 864 Attio.
1802 833 1872 869 Vl,
1895 832 1930 862 4.
1990 832 2035 863 In
2057 839 2184 876 atras,
2214 835 2343 876 inquit,
2384 841 2421 867 et
2438 838 2639 879 profundas

1559 881 1721 911 tenebras
1748 887 1824 910 eum
1848 878 2060 910 claudebant
2066 889 2083 920 ,·
2119 889 2165 911 ac
2193 881 2247 911 die
2266 886 2371 922 post,
2403 883 2465 914 ubi
2485 887 2563 914 erat
2587 885 2639 915 vi—

1557 934 1619 957 sus
1645 926 1701 957 sol
1722 925 1988 956 ardentissimus
2002 945 2012 965 ‚
2042 930 2186 966 repente
2211 928 2421 969 educebant,
2457 932 2494 959 et
2515 929 2640 960 adver-

1559 981 1619 1003 sus
1652 971 1740 1002 ictus
1772 970 1856 1002 solis
1887 971 2086 1010 oppos-‘tum
2113 974 2347 1004 continebant.
2371 974 2419 1005 ita
2440 973 2641 1014 legendum3

1558 1018 1682 1058 vulgo,
1724 1018 1783 1048 diu
1812 1020 1907 1055 post.
1963 1015 2048 1048 Vide
2083 1017 2260 1050 Heinsium
2297 1019 2340 1051 ad
2371 1018 2468 1051 ovid.
2494 1016 2575 1052 Met.
2600 1021 2643 1061 V,

1561 1066 1638 1097 389.
1674 1065 1709 1094 et
1745 1062 1934 1093 Bentleium
1959 1061 2003 1092 ad
2025 1064 2143 1096 Horat.
2168 1066 2280 1096 carm.
2307 1067 2352 1107 11,
2381 1067 2433 1098 15.
2478 1066 2557 1098 Non
2578 1065 2645 1107 igi-

1560 1112 1616 1141 tur
1640 1118 1725 1149 opus
1750 1111 1803 1140 est
1824 1109 1863 1138 ut
1889 1108 2038 1147 legamus

1834 1155 2019 1192 auctusque
2043 1155 2247 1196 Hyperione
2269 1157 2372 1188 multo
2385 1167 2398 1188 .·

1556 1200 1733 1277 licetsshoc
1767 1201 1901 1239 quoque
1933 1202 2076 1239 probum
2113 1201 2168 1233 sit.
2223 1202 2394 1234 Ausonius
2427 1202 2643 1245 precatione,

1557 1257 1591 1279 v.
1619 1250 1636 1279 1
1665 1268 1674 1278 .

1805 510 1959 550 ictusque
1993 509 2197 552 Hyperione
2221 516 2355 558 multo]
2400 516 2524 550 Recte:
2570 519 2637 549 Lu-

1651 1291 1766 1323 Sirius
1791 1291 1968 1322 ardentem
1993 1301 2061 1323 non
2084 1292 2207 1332 augeat
2229 1294 2308 1334 igne
2333 1294 2473 1326 leonem.
2530 1294 2536 1300 “

1558 1340 1690 1372 Seneca
1709 1335 1827 1376 oedip.
1849 1345 1882 1367 v.
1902 1338 1961 1369 38.

2048 1382 2127 1413 Non
2156 1380 2314 1423 Zephyri
2331 1384 2424 1417 leves

1717 1426 1895 1466 Spirant:
1922 1428 1983 1459 sed
2003 1426 2100 1468 ignes
2121 1430 2222 1468 auget
2246 1431 2416 1473 aestiferi
2442 1430 2549 1463 Canis

1704 1472 1833 1514 Titan,
1856 1472 1986 1505 Leonis
2013 1478 2114 1515 terga
2138 1475 2304 1507 Nemeaei
2318 1484 2493 1515 premens.

1562 1520 1667 1559 MOX,
1691 1527 1724 1549 v.
1748 1520 1800 1550 55.
1820 1520 1986 1562 profugis
2009 1530 2085 1551 cum
2109 1521 2247 1561 regibus
2271 1526 2392 1562 aptum
2413 1521 2542 1554 Fumat
2563 1522 2646 1557 Am·-

1562 1566 1675 1595 cinum
1703 1565 1845 1595 Triviae
1866 1574 1999 1596 nemus.
2044 1566 2256 1608 Parmensis,
2296 1566 2467 1600 Aricinae
2490 1568 2645 1603 Diome.

1561 1611 1702 1642 alterum
1736 1610 1846 1650 poetis
1866 1611 2043 1652 usitatius,
2077 1613 2112 1642 et
2137 1612 2277 1644 auribus
2303 1613 2443 1653 gratius.
2486 1616 2554 1648 Pro
2577 1626 2645 1657 ap-

1562 1662 1635 1689 tum
1665 1656 1780 1688 nescio
1811 1657 1902 1688 unde
1933 1657 1971 1688 in
1996 1657 2161 1689 Gronovii
2184 1657 2367 1691 editionem
2391 1660 2567 1700 irrepserit
2591 1663 2646 1694 al-

1562 1708 1658 1734 tum.-
1691 1712 1791 1742 quam
1817 1703 1969 1742 sequitur
1991 1703 2224 1746 Veenhusius‚
2261 1714 2414 1737 errorum
2433 1707 2534 1741 etiam
2557 1708 2645 1740 fidus

1564 1745 1766 1788 exscriptor.
1807 1752 1946 1781 ceterae
1986 1757 2104 1781 omnes
2141 1759 2224 1789 quas
2253 1751 2323 1782 vidi
2353 1752 2478 1784 habent
2512 1760 2647 1795 aptum.

1563 1797 1659 1827 Vers.
1682 1797 1738 1826 60.
1783 1794 1980 1828 Hecateias
2003 1797 2081 1828 idus
2095 1818 2105 1836 ,
2128 1796 2164 1826 id
2186 1798 2260 1838 est,
2279 1797 2355 1829 idus
2381 1799 2527 1840 Augusti
2549 1810 2646 1833 men.

1565 1841 1634 1882 sis,
1677 1849 1763 1880 quae
1796 1849 1914 1873 sacrae
1948 1844 2047 1873 erant
2078 1842 2241 1874 Hecatae
2266 1851 2328 1875 seu
2349 1844 2493 1877 Dianae.
2537 1848 2647 1879 Auso-

1563 1887 1640 1918 nius
1662 1886 1863 1926 Eclogario:

1655 1933 1707 1976 Et
1725 1934 1858 1964 medias
1886 1933 1986 1974 Idus,
2013 1931 2120 1975 Maii,
2142 1934 2351 1974 Augustique
2375 1944 2536 1976 recursu,

1700 1980 1801 2018 'Quas
1824 1980 1894 2010 sibi
1917 1979 2114 2011 Mercurius
2137 1989 2294 2021 quasque
2315 1980 2426 2013 Diana
2447 1984 2565 2016 dicat:

1564 2023 1622 2056 ubi
1656 2025 1798 2058 Vinctus
1832 2025 1914 2057 dicit
1944 2034 1981 2056 se
2014 2035 2085 2057 non
2120 2026 2314 2058 meminisse
2342 2027 2435 2059 aliud
2457 2029 2582 2071 legisse
2604 2030 2647 2063 de

1567 2072 1710 2103 Dianae
1739 2074 1856 2103 sacris
1888 2073 2008 2104 Idibus
2040 2071 2203 2113 Augusti.
2258 2073 2445 2106 Exciderat
2465 2076 2648 2109 memori-e

1566 2117 1620 2150 hic
1646 2117 1746 2150 Statii
1768 2119 1885 2159 locus,
1911 2120 1946 2149 et
1970 2118 2138 2150 Martialis
2161 2118 2276 2159 Epigr.
2296 2120 2382 2161 xil,
2408 2123 2465 2153 67.

1706 2163 1849 2202 Maiae,
1874 2164 2087 2196 Mercurium
2115 2168 2290 2206 creastis,
2317 2167 2429 2199 Idus.-

1707 2211 1865 2250 Augustis
1888 2213 1977 2243 redit
1999 2212 2114 2243 Idibus
2147 2211 2270 2243 Diana.

1567 2255 1646 2286 vide
1678 2258 1713 2288 et
1748 2259 1884 2288 Festum
1921 2257 1957 2288 in
1984 2260 2022 2290 V.
2070 2257 2258 2289 Servorum
2280 2258 2353 2289 dies
2371 2259 2503 2301 festus.
2544 2261 2647 2294 Hune

1568 2302 1666 2333 Statii
1698 2304 1809 2334 locum
1842 2304 1992 2343 explicat
2027 2304 2168 2336 Ovidius
2207 2305 2297 2336 Fast.
2322 2303 2384 2346 111,
2412 2305 2492 2337 209.
2517 2306 2560 2338 de
2583 2307 2647 2339 hoe

1559 2357 1666 2380 sacro
1695 2349 1749 2380 die
1773 2350 1924 2382 Dianae:

1660 2396 1773 2435 Saepe
1791 2402 1916 2436 potens
1945 2398 2038 2433 voti,
2054 2397 2213 2439 flantem
2236 2395 2404 2427 redimita
2427 2398 2575 2439 coronis,

1705 2442 1851 2474 Femina
1871 2444 2024 2479 lucentes
2050 2447 2176 2482 portat
2196 2442 2241 2472 ab
2268 2440 2359 2472 Urbe
2370 2442 2490 2484 faces.

1568 2486 1670 2517 Vides
1701 2498 1804 2527 quare
1834 2490 1926 2532 face
1949 2489 2061 2520 multa
2093 2489 2251 2527 splendet
2270 2486 2441 2527 Hippolyti
2466 2489 2581 2528 lacus3
2612 2491 2647 2522 et

1570 2543 1675 2572 quare
1698 2537 1824 2574 pudici
1840 2537 1926 2578 foci
1950 2534 2124 2571 dicuntum
2170 2541 2290 2571 nempe
2312 2541 2333 2563 a
2358 2532 2533 2567 Matronis
2557 2536 2648 2568 faces

1568 2582 1733 2618 portatae.
1785 2583 1883 2612 Vers.
1928 2581 1984 2612 63.
2013 2585 2202 2619 aestusque
2240 2579 2383 2610 levare.-
2427 2589 2471 2612 ex
2506 2580 2649 2622 Virgilio

1569 2627 1654 2657 Aen.
1678 2629 1751 2668 vn,
1774 2627 1853 2658 494.

1997 2669 2114 2710 fluvio
2139 2680 2216 2702 cum
2230 2671 2331 2713 forte
2354 2673 2504 2704 secundo

1662 2715 1860 2757 Deflueret,
1883 2718 2029 2757 ripaque
2052 2721 2165 2748 aestus
2196 2718 2376 2748 viridante
2397 2717 2549 2751 levaret:

1569 2761 1627 2793 ubi
1659 2763 1811 2803 plerique
1847 2763 1950 2795 codd.
1987 2763 2115 2803 antiqui
2149 2764 2274 2794 habent
2306 2763 2467 2807 lavaret,
2509 2765 2650 2798 notante

1569 2808 1692 2840 Pierio.
1719 2811 1861 2841 alterum
1883 2810 2056 2841 confirmat
2078 2809 2132 2840 hic
2156 2809 2255 2842 Statii
2279 2809 2385 2840 locus.

1614 2863 1646 2886 v.
1674 2856 1729 2886 64.
1892 2861 1994 2887 notas
2024 2857 2184 2888 Sirenum
2213 2858 2352 2887 nomine*
2370 2866 2475 2897 rupes

1660 2901 1882 2941 Facundique
1919 2903 2029 2933 larem
2066 2903 2159 2934 Polli
2189 2912 2257 2933 non
2293 2902 2418 2943 hospes
2450 2902 2645 2943 habebant-l

1568 2947 1681 2978 Locus
1714 2947 1872 2979 notabilis
1906 2950 1947 2979 ob
1982 2958 2116 2981 errores
2149 2947 2306 2981 salmasii
2336 2949 2372 2980 in
2404 2947 2542 2980 Plinian.
2574 2948 2647 2979 Ex-

1573 2994 1707 3026 ercitat.
1756 3003 1787 3033 p.
1821 2996 1874 3025 58.
1908 2995 1999 3027 Edit.
2037 2995 2194 3034 optimae.
2251 2994 2317 3026 Sed
2348 2993 2441 3033 prius
2472 2994 2646 3025 videamus

1569 3039 1611 3070 de
1640 3040 1706 3071 situ
1719 3040 1834 3079 *hujus
1860 3040 1968 3072 Villae
1989 3042 2097 3073 Pollii.
2132 3051 2174 3073 ea
2206 3040 2382 3072 Iocabatur
2410 3039 2446 3070 in
2470 3041 2643 3072 montibus

1571 3086 1806 3119 Surrentinis.
1838 3088 1963 3119 Noster
1991 3089 2032 3119 ad
2052 3090 2158 3119 Uxor.
2193 3093 2215 3117 v
2251 3086 2326 3117 102.

1661 3136 1821 3174 caraque
1846 3144 1913 3165 non
1938 3136 2035 3167 molli
2054 3142 2143 3166 Jqu
2168 3134 2405 3163 Sunnnurnu
2429 3127 2558 3169 Lyaeo,

1658 3181 1759 3216 QUAE
1787 3189 1880 3211 meus
1905 3185 1990 3211 ante
2010 3181 2102 3213 alios
2128 3184 2341 3210 usnimi-on.
2361 3175 2488 3206 Pollius
2510 3181 2624 3218 auget.

1569 3227 1662 3256 inter
1697 3225 1906 3257 Surrentum
1940 3227 1975 3257 et
2005 3226 2277 3266 promontorium
2309 3231 2369 3253 seu
2393 3223 2553 3262 templum
2583 3223 2650 3254 Mn·-
