2892 3840
446 386 462 395 a

387 399 488 448 314

391 534 477 567 que,
500 524 623 558 effossa
643 526 754 558 veteri
782 526 943 564 materia,
972 522 1156 555 caementis
1181 524 1215 553 et
1233 532 1321 554 novo
1341 522 1472 561 injectu

390 579 478 602 vnn
503 573 697 604 solidabat.-
738 579 874 603 muros
901 579 982 600 vero
1006 569 1154 599 restituit
1181 570 1348 600 siccando
1370 570 1472 600 laeu-

392 627 481 659 nas,
509 620 553 659 et,
573 624 679 658 ponte
701 619 800 655 facto,
826 617 1027 647 Vulturnum
1053 614 1089 645 in
1113 615 1266 646 ordinem
1285 617 1320 646 et
1336 615 1472 646 alveum

391 671 490 694 suum
522 664 717 703 redigendo.
770 664 861 692 Haec
894 661 945 690 est
977 660 1153 692 historIola
1184 661 1282 699 liujus
1310 661 1471 702 Eclogae,

394 717 439 740 ex
450 710 548 741 Statii
567 710 678 741 verbis
698 708 860 739 collecta:
879 706 948 744 jam
970 714 1055 738 vero
1075 709 1180 738 verbu
1199 707 1273 746 ipsa
1285 707 1472 744 videamus,

395 755 515 794 quibus
542 756 643 796 (quod
664 755 739 793 post
760 752 910 783 Gevartii
930 753 964 782 et
982 754 1146 785 Gronovii
1162 756 1304 784 conatus
1322 752 1470 792 mireris)

396 809 514 831 sensus
533 802 645 831 nullus
670 800 793 828 subest.
819 798 864 829 Et
890 798 1014 840 primo,
1040 800 1194 839 (transeo
1219 800 1307 830 enim
1333 798 1473 830 Domitii

396 856 499 878 coeno
524 847 582 876 ln'e
600 845 767 885 populeo,
793 845 827 875 et
851 844 1100 885 crucei,H1·c
1125 856 1229 877 coeno
1246 847 1371 885 popule·
1392 847 1471 876 vias

391 893 578 932 gravatas)
617 889 797 921 Gevartius
833 891 949 930 Papin.
981 891 1075 922 Lect.
1108 894 1164 933 IV,
1192 894 1223 923 5.
1250 900 1320 921 non
1344 891 1473 922 dubitat

395 938 474 976 quin
494 946 565 968 rem
593 935 698 975 ipsam
726 937 894 975 repererit
923 938 1043 977 (verba
1067 938 1172 976 ipsius
1199 937 1290 977 sunt)
1315 938 1472 1005 legendo,

527 981 603 1012 Hic
625 982 760 1013 scoenis
779 984 904 1023 populi
924 984 1002 1014 vias
1023 990 1198 1024 gravatas
1226 986 1291 1014 etc.

393 1030 530 1059 scaenis
555 1027 590 1058 id
613 1030 665 1058 est
684 1027 822 1069 Juncis,
865 1039 885 1060 a
909 1030 1038 1060 Graeco
1057 1034 1199 1071 χοῐυοςε
1239 1032 1273 1060 et
1298 1028 1358 1059 liae
1388 1037 1472 1059 voce

391 1074 532 1104 utuntur
552 1074 710 1114 Plautus,
750 1077 856 1115 Cato,
889 1076 923 1105 et
944 1075 1141 1107 Columella.
1189 1075 1364 1112 Quomodo
1390 1084 1472 1116 vero

392 1118 490 1154 iunci
519 1119 554 1150 in
590 1122 650 1151 via
675 1119 848 1160 publicu?
890 1121 953 1152 hae
987 1122 1210 1163 praesertim,
1249 1131 1335 1160 quae
1369 1122 1477 1162 gravi

390 1173 505 1196 arena
538 1167 674 1205 oppleta
703 1166 784 1197 fuit:
825 1166 859 1196 in
894 1177 959 1206 qua
988 1168 1016 1198 si
1039 1167 1145 1207 junci
1167 1167 1306 1200 omuino
1330 1177 1475 1198 nascun-

393 1211 471 1251 tur,
504 1214 596 1244 certe
633 1221 701 1243 non
735 1214 877 1251 possunt
907 1216 1004 1244 viam
1036 1224 1193 1256 gravare
1222 1214 1256 1244 in
1281 1216 1409 1244 tantum
1436 1215 1475 1243 ut

392 1265 476 1296 opus
504 1258 548 1289 sit
573 1268 659 1290 novo
691 1258 823 1297 injectu
856 1259 890 1289 et
907 1262 1052 1299 penitus
1077 1270 1208 1291 cavare
1233 1265 1360 1291 terras.
1408 1260 1475 1291 Sed

393 1305 427 1334 et
453 1303 482 1333 si
507 1304 661 1335 admittas
689 1304 840 1336 Gevartii
865 1308 1001 1337 scoenis
1017 1327 1026 1345 ,
1052 1307 1131 1345 quid
1155 1307 1212 1338 fiet
1237 1306 1278 1336 de
1301 1306 1399 1343 hujus
1424 1306 1475 1336 lo-

392 1348 422 1378 ci
453 1351 734 1383 constructione}
753 1360 838 1390 quae
861 1353 920 1382 aut
942 1352 1037 1382 nulla
1063 1354 1133 1394 est,
1156 1354 1216 1383 aut
1238 1361 1375 1382 sensum
1398 1353 1476 1382 nul-

390 1394 461 1425 lum
490 1396 622 1435 reddit;
665 1399 767 1435 prout
801 1406 884 1429 mox
917 1397 1068 1429 dicemus
1104 1402 1223 1431 contra
1242 1397 1472 1436 Gronovium3

393 1441 449 1479 qui
473 1442 582 1473 Diatr.
608 1453 637 1474 e.
671 1443 733 1473 XI.
760 1443 843 1483 legit

527 1489 601 1519 Hic
624 1489 735 1519 scenis
752 1489 878 1529 populi
896 1490 977 1529 νίας
998 1495 1176 1530 gravatas

527 1533 577 1565 Et
599 1537 734 1574 campis
759 1537 826 1565 iter
848 1545 947 1565 omne
967 1535 1161 1568 detinentes

528 1578 666 1620 Longos
692 1582 815 1611 eximit
832 1581 993 1611 ambitus.

393 1621 451 1653 ubi
476 1631 623 1666 scenae,
656 1625 785 1666 inquit,
827 1631 911 1656 suut
934 1626 1083 1656 arbusta
1106 1625 1290 1663 implicata
1309 1626 1472 1655 immissis

393 1669 429 1698 in
452 1670 541 1703 alios
564 1673 687 1702 rumis.
734 1672 780 1702 Et
812 1672 878 1703 hoe
901 1670 1048 1701 defendit
1073 1669 1211 1699 Ele-neh.
1235 1669 1417 1700 Antidiatr.
1442 1679 1474 1699 c.

394 1715 432 1744 V.
473 1715 522 1748 ita
562 1718 674 1748 tamen
709 1717 805 1756 quasi
841 1716 1024 1746 eruditioni
1057 1713 1170 1753 potius
1204 1722 1301 1753 quam
1336 1714 1473 1744 veritati

393 1760 488 1792 istius
533 1763 773 1801 explicationis
817 1761 1009 1791 confideret.
1052 1769 1131 1789 nam
1174 1761 1280 1799 Reliq.
1313 1760 1356 1790 ad
1388 1760 1471 1792 Silv.

392 1816 474 1845 quas
497 1808 602 1846 longo
627 1809 702 1847 post
728 1809 878 1846 tempore
905 1806 1031 1845 edidit,
1053 1805 1148 1843 legit,

525 1854 599 1884 Hic
621 1852 737 1884 coenis
757 1854 883 1891 populi
901 1853 979 1882 vias
1001 1855 1178 1891 gravatas
1205 1851 1269 1881 ete.

392 1906 437 1929 ex
461 1906 502 1928 eo
525 1899 614 1937 quod
637 1899 729 1929 Edit.
754 1900 874 1929 Venet
898 1899 933 1928 et
959 1898 1031 1928 MS.
1055 1896 1158 1927 Rhod.
1182 1895 1374 1926 habuerunt
1397 1904 1475 1926 sae-

392 1946 449 1975 vzs
485 1944 519 1974 et
541 1947 661 1984 senis,·
709 1944 798 1983 quod
821 1947 855 1975 et
878 1952 942 1982 ego
965 1943 1000 1973 in
1027 1941 1202 1973 Parmensi
1226 1940 1374 1972 invenio.
1420 1942 1473 1971 De

391 1990 442 2020 his
476 1988 579 2029 igitur
610 1989 781 2032 δευτέραις
812 1991 973 2034 φροντίσι
1002 1988 1070 2026 jam
1103 1988 1288 2019 videamus.
1334 1987 1379 2017 Et
1401 1986 1473 2025 pri-

392 2045 497 2074 mum,
531 2036 748 2068 Constructio
772 2036 855 2066 haec
881 2037 951 2066 est:
985 2035 1057 2066 Hac
1082 2032 1326 2075 (Domitianus)
1348 2034 1473 2064 eximit

393 2084 469 2113 vias
493 2083 636 2123 populi,
667 2087 840 2123 gravatas
864 2088 1014 2118 COEN153
1052 2086 1088 2111 et
1110 2080 1229 2111 eximit
1256 2081 1374 2120 longos
1399 2088 1473 2110 am-

392 2130 483 2159 Intus
521 2131 708 2159 detinentes
739 2130 809 2158 iter
829 2137 924 2159 omne
950 2129 1104 2168 campa,
1146 2135 1206 2156 seu
1228 2136 1296 2165 per
1319 2134 1471 2164 campos.

392 2174 492 2213 Atqui
519 2173 731 2205 Domitianus
754 2183 823 2204 non
850 2176 979 2204 exemit
1002 2175 1100 2206 vias:
1125 2172 1227 2202 immo
1253 2171 1472 2210 contrarium,

393 2222 581 2251 redonavit
618 2223 653 2250 et
690 2220 846 2250 restituit
852 2228 869 2259 ‚·
921 2221 1053 2250 tantum
1099 2219 1193 2249 abest
1225 2220 1262 2249 ut
1293 2219 1473 2248 exemerit.

394 2268 465 2297 Nec
501 2266 620 2296 melius
661 2265 814 2303 procedit
858 2265 1003 2296 alterum
1047 2264 1236 2295 sententiae
1275 2265 1472 2304 membrum,

396 2317 432 2343 et
461 2314 584 2343 eximit
614 2312 732 2352 longos
763 2311 911 2342 ambitus
946 2313 1136 2342 detinentes
1162 2313 1229 2342 t‘ter
1256 2320 1354 2340 omne
1379 2319 1473 2340 cum-

391 2360 468 2399 ριέ,
521 2357 548 2388 si
578 2357 667 2387 istud
712 2366 843 2396 quoque
875 2356 1024 2388 examini
1058 2356 1224 2395 subjicere
1254 2356 1350 2386 velis.
1405 2355 1475 2387 Sed

395 2413 498 2442 quare
535 2411 638 2442 vus,
680 2402 715 2435 in
747 2402 893 2442 plurali?
936 2412 1005 2434 una
1035 2403 1124 2434 enim
1148 2404 1276 2434 tuntum
1305 2402 1401 2442 erat,
1439 2403 1474 2432 et

393 2449 441 2480 ita
465 2458 596 2488 semper
618 2447 763 2487 dicitur,
805 2457 867 2480 vm
891 2450 1124 2491 nonnum,
1158 2459 1227 2479 non
1251 2456 1336 2479 vmu
1360 2449 1474 2479 Dom-

393 2503 550 2534 TlANAE3
588 2496 625 2525 ut
651 2495 686 2525 in
708 2495 850 2534 praefat.
877 2495 979 2534 hujus
1001 2495 1095 2528 libri:
1147 2495 1262 2526 Tertio
1288 2502 1379 2525 viAiu
1403 2496 1475 2525 Do-

394 2550 572 2573 m'rmxAn
606 2543 756 2573 miratus
791 2551 891 2572 sum.-
940 2544 974 2573 et
1004 2542 1053 2573 ita
1080 2541 1257 2580 quinquies
1283 2541 1318 2571 in
1342 2541 1404 2572 hac
1426 2542 1474 2571 E-

394 2589 501 2628 eloga,
525 2597 558 2619 v.
582 2588 636 2619 37.
664 2586 739 2618 114.
768 2589 844 2618 122.
873 2589 949 2619 127.
982 2590 1058 2619 162.
1082 2597 1251 2626 nunquam
1275 2597 1358 2618 vero
1382 2594 1473 2618 vus.

392 2635 543 2675 Deinde,
591 2642 755 2671 quaenam
789 2634 868 2663 sunt
899 2634 961 2664 hae
996 2637 1076 2666 viae
1098 2635 1250 2664 Porum?
1289 2642 1380 2664 anne
1406 2632 1473 2663 alia

392 2684 443 2713 est
468 2682 529 2711 viu
548 2686 698 2719 Por-uu,
722 2679 820 2722 §alia
844 2687 997 2710 recoms
1021 2682 1055 2710 et
1077 2681 1346 2711 Jumssx'romuu?
1376 2678 1474 2717 inep-

391 2729 426 2758 ta
454 2726 537 2758 haec
567 2725 738 2756 distinctio
749 2746 761 2762 ,
804 2726 838 2755 et
865 2727 1034 2764 superflua
1067 2734 1140 2758 vox
1174 2732 1323 2756 Porum:
1363 2724 1472 2755 omnis

393 2773 479 2804 enim
502 2773 563 2804 via
588 2773 640 2802 est
662 2771 718 2801 via
739 2772 883 2811 populi,
924 2771 997 2801 sine
1018 2772 1144 2811 populi
1166 2770 1337 2801 mentione
1364 2771 1470 2808 faeta3

392 2822 429 2850 ut
451 2827 567 2850 omnes
595 2818 696 2848 urbes
725 2819 803 2846 sunt
826 2824 1017 2854 nomisma,
1057 2816 1136 2847 licet
1161 2826 1229 2848 non
1256 2825 1341 2855 opus
1369 2816 1412 2847 sit
1433 2817 1471 2846 ut

392 2865 538 2897 dicamus
568 2865 670 2895 urbes
701 2870 888 2894 nommm:
936 2873 1014 2894 nam
1044 2863 1143 2893 locus·
1163 2863 1220 2894 ille
1245 2862 1410 2902 Sulpitiae
1434 2862 1470 2893 in

390 2913 513 2952 Satyra
538 2919 570 2941 v.
602 2911 656 2942 39.
682 2909 739 2939 ubi
764 2910 847 2941 haec
868 2909 993 2941 locutio
1016 2909 1183 2947 occurrit,

481 2958 572 2996 Quid
598 2954 786 2999 fitamus?
831 2955 981 2999 Graios,
1005 2962 1246 2992 unumunurm
1269 2954 1469 2995 reliquimus

602 3008 719 3033 URBES

390 3046 658 3085 corruptissimus
693 3023 754 3078 es't.
800 3045 993 3077 Gronovius
1026 3044 1161 3085 quidem
1198 3045 1348 3077 veterem
1381 3044 1469 3084 lapi-

391 3091 464 3122 dem
489 3093 530 3123 ad
554 3096 667 3131 partes
693 3101 771 3124 suas
796 3094 915 3130 voeat;
953 3092 988 3123 in
1015 3102 1079 3132 quo
1106 3093 1200 3133 erat,
1228 3099 1468 3123 annom-rom

390 3143 474 3167 vus.
506 3144 655 3170 rorum:
699 3141 734 3169 et
764 3139 812 3169 ita
848 3138 929 3170 citat
958 3139 1008 3169 (ΣΙ.
1047 3138 1253 3175 Salmasius,
1290 3137 1398 3177 Epist.
1426 3138 1468 3168 de

391 3181 528 3220 Region.
563 3186 596 3214 et
629 3185 758 3215 Eccles.
792 3184 1063 3225 suburbicariis,
1106 3194 1137 3224 p.
1173 3185 1206 3215 4.
1240 3185 1274 3214 et
1306 3183 1352 3215 ita
1379 3184 1466 3222 apud

392 3228 571 3260 Gruterum
592 3227 730 3262 invenio
757 3239 788 3268 p.
815 3230 952 3272 mxcv,
976 3233 1007 3263 8.
1055 3231 1121 3263 Sed
1147 3230 1390 3270 exscriptorem
1408 3231 1469 3262 hu·

1211 397 1399 448 NOTAE
1425 408 1495 446 An
1521 397 1627 447 Lis.
1663 396 1742 446 IV.
1783 397 1829 446 3.

2482 422 2518 471 9
2529 417 2620 459 20⁴2

1536 522 1593 562 jus
1615 521 1843 562 inscriptionis
1867 521 2005 555 minime
2031 524 2147 558 dubito
2175 535 2327 570 errasse,
2361 530 2396 562 et
2422 538 2484 570 pro
2507 535 2620 561 Poru-

1539 577 1585 600 ιο
1611 569 1732 608 legisse
1757 576 1908 601 rorum.
1943 571 2146 602 redonacoru·
2162 575 2245 604 viae
2269 576 2421 614 populo,
2463 578 2536 617 est,
2561 578 2623 616 que*

1539 617 1724 646 redonavit
1751 617 1844 647 viam
1863 617 2004 655 populo.
2050 617 2116 648 Sed
2141 619 2176 648 et
2197 618 2261 650 hoe
2282 620 2454 668 Gronovio
2478 621 2622 653 donabi-

1538 670 1632 692 mus:
1673 661 1753 701 quid
1781 669 1864 692 vero
1891 661 1992 693 saciet
2011 660 2062 704 τῷ·
2086 665 2239 695 comus?
2270 674 2411 697 coensem
2430 666 2519 699 enim
2540 667 2620 706 plu-

1538 707 1604 738 rali
1646 717 1788 739 numero
1837 695 2133 739 caret.1’}ioca=
2165 711 2248 741 Arte
2279 713 2620 752 p.1708.pmeter

1538 753 1628 784 haec
1667 755 1746 785 alm
1779 758 1864 784 sunt
1896 763 1986 794 quae
2003 755 2142 792 plurali
2168 765 2310 787 numero
2334 754 2526 795 deficiunt?
2563 768 2622 800 ge.

1539 801 1635 830 neris
1662 801 1800 839 neutri,
1832 799 1897 829 hoc
1928 807 2094 841 coenum,
2118 802 2286 843 foenum,
2312 801 2397 843 jus,
2425 802 2533 835 lutum
2553 806 2618 836 ete.

1538 845 1633 877 Adeo
1668 847 1705 875 ut
1735 854 1818 876 vera
1839 854 1912 875 esse
1937 855 2007 876 non
2033 846 2142 885 possit
2163 847 2246 880 haec
2273 847 2440 880 Gronovii
2461 848 2622 880 emenda-

1539 891 1610 922 tio:
1640 899 1703 922 nec
1729 890 1902 930 Gevartii,
1927 893 1970 922 ob
1996 893 2128 923 easdem
2152 894 2223 924 fere
2246 894 2407 925 rationes.
2451 895 2517 926 Pro
2542 902 2623 935 gra-

1539 942 1644 968 vatus
1687 939 1782 969 MSS.
1826 937 2013 968 habuerunt
2051 945 2269 979 grat-metes:
2315 940 2364 971 ita
2397 939 2485 970 enim
2517 938 2622 971 Editt.

1538 985 1650 1015 Parm.
1680 985 1713 1014 et
1745 984 1837 1014 Rom.
1872 991 1915 1013 ex
1939 985 2036 1015 MSS.
2063 993 2267 1022 expressae:
2315 989 2350 1017 et
2373 984 2420 1017 ita
2447 985 2626 1017 ediderunt

1541 1029 1760 1066 Bernartius,
1785 1029 1911 1069 Aldus,
1938 1031 2141 1071 Grasserus,
2166 1035 2200 1063 et
2227 1030 2297 1062 alii.
2342 1032 2489 1063 Attende
2518 1031 2624 1071 igitur

1543 1075 1679 1116 sensui,
1728 1077 1762 1105 et
1797 1077 1900 1106 verba
1923 1075 2014 1106 facili
2039 1077 2176 1116 negotio
2203 1078 2247 1109 ad
2272 1077 2452 1109 veritatem
2477 1078 2623 1115 dueent3

1541 1121 1736 1153 memineris
1760 1121 1883 1158 modo,
1924 1122 1989 1153 duo
2019 1122 2123 1153 fuisse
2147 1123 2359 1155 incommoda
2378 1133 2464 1163 quae
2486 1123 2626 1156 sustulit

1542 1167 1777 1204 Domitianus,
1824 1176 1968 1209 nempe,
2002 1169 2200 1207 profundam
2224 1179 2371 1201 arenam
2396 1179 2441 1201 ex
2471 1172 2536 1202 vt‘a
2559 1170 2626 1210 pud

1542 1214 1652 1250 blica,
1704 1215 1738 1243 et
1780 1214 2038 1245 inundationem
2070 1215 2228 1247 Vulturni
2259 1218 2372 1247 amnt's
2414 1225 2460 1247 ex
2491 1217 2625 1256 eampis

1542 1259 1866 1298 circumjacentibus.
1930 1261 2023 1291 Haec
2062 1261 2129 1293 duo
2162 1262 2226 1293 hoc
2257 1262 2358 1294 modo
2392 1262 2517 1295 extulit
2549 1263 2624 1295 sta-

1542 1306 1625 1337 tius:

1678 1349 1771 1389 Hic,
1795 1358 1902 1381 coeno
1925 1349 2040 1382 bibulo
2063 1350 2152 1382 viam
2176 1354 2352 1395 gravante,

1676 1395 1725 1427 Et
1750 1397 1879 1435 eampis
1912 1397 1979 1426 iter
2003 1406 2101 1428 amne
2126 1398 2319 1440 detinente,

1676 1441 1812 1482 Longos
1838 1443 1959 1473 arimit
1983 1444 2157 1477 ambitus.
2151 1454 2161 1463 ·

1540 1487 1640 1524 Ilaec,
1686 1487 1944 1527 (Domitianus‚)
1986 1499 2063 1520 eum
2088 1499 2203 1521 arena
2225 1492 2322 1522 viam
2348 1494 2541 1533 gravaret,
2591 1497 2626 1525 ee

1546 1533 1738 1564 Vulturnus
1774 1535 1946 1564 detineret
1971 1537 2042 1566 ster
2062 1545 2131 1574 per
2157 1545 2316 1576 campos,
2361 1539 2486 1569 exl'mst
2504 1538 2624 1579 longos

1541 1579 1701 1609 ambztus.
1725 1577 1808 1608 nihil
1833 1579 1984 1621 facilius,
2029 1583 2088 1612 aut
2110 1581 2224 1612 verius
2249 1584 2351 1620 puto:
2396 1585 2431 1614 et
2456 1582 2543 1615 hane
2565 1592 2626 1615 re-

1541 1623 1750 1655 stitutionem
1782 1626 1956 1655 confirmat
1989 1626 2091 1656 totius
2125 1627 2274 1666 Eclogae
2308 1629 2425 1669 tenor,
2450 1631 2484 1660 et
2509 1630 2623 1660 verba.

1539 1670 1725 1708 Eleganter
1762 1678 1844 1701 vero
1881 1680 1996 1702 arena
2028 1671 2152 1703 dicitur
2185 1682 2325 1704 coenum
2355 1674 2521 1712 bibulum,
2567 1674 2625 1706 eui

1541 1714 1711 1744 diversum
1746 1717 1798 1745 est
1832 1726 1972 1746 coenum
2005 1722 2117 1749 tenua·
2139 1727 2201 1749 seu
2225 1719 2354 1760 lutmn,
2400 1719 2489 1759 apud
2521 1720 2625 1752 Clau-

1541 1759 1632 1790 dian.
1668 1759 1702 1789 in
1738 1760 2248 1799 Eutrop.11,443.132·buta
2282 1773 2395 1795 arena
2423 1764 2533 1804 poetis
2553 1766 2624 1798 fre-

1541 1803 1794 1843 quentissimum
1831 1808 1892 1835 est.
1945 1783 2123 1837 ininimum
2150 1807 2229 1838 mihi
2256 1809 2393 1846 permisi
2416 1819 2478 1849 pro
2501 1810 2626 1850 popule

1542 1851 1692 1882 scribens
1727 1850 1863 1891 bibulo,
1905 1859 1979 1880 cum
2014 1861 2131 1883 sensus
2161 1856 2196 1884 et
2229 1853 2352 1884 literae
2377 1863 2418 1886 eo
2439 1856 2623 1890 ducerent.

1541 1898 1561 1928 b
1586 1896 1674 1926 enim
1700 1897 1778 1935 etp
1804 1894 1999 1934 saepissime
2024 1897 2168 1929 invicem
2192 1901 2439 1931 commutantur
2458 1901 2493 1932 in
2518 1901 2624 1936 libris.

1542 1943 1619 1974 Iter
1644 1944 1775 1980 campis
1800 1944 1851 1972 est
1878 1951 1947 1980 per
1970 1952 2139 1982 campos:
2163 1945 2289 1976 Noster
2308 1946 2624 1990 Achilleid.1,154.

1679 1987 1804 2026 campis
1828 1993 1936 2019 semet
1947 1987 2145 2030 fluviisque
2161 1991 2635 2033 fugari..

1540 2033 1576 2065 id
1599 2034 1650 2064 est
1671 2042 1738 2073 per
1760 2043 1899 2073 campos
1927 2036 1960 2064 et
1974 2034 2122 2075 fluvios.
2170 2036 2230 2068 Sil.
2254 2036 2392 2069 Italicus
2413 2039 2488 2081 XV,
2515 2041 2594 2073 5⁶2.

1632 2079 1806 2155 Ξεὶῐιινεηι
1829 2081 2036 2123 Noctemque
2061 2086 2099 2114 et
2119 2083 2213 2116 caelo
2241 2093 2373 2124 sparsa
2390 2091 2565 2126 precatur

1666 2132 1744 2157 stra

1541 2170 1680 2202 Ovidius
1703 2174 1816 2202 Amor.
1843 2172 1904 2210 111,
1932 2173 1966 2202 6.

1634 2216 1751 2257 Quid?
1774 2226 1843 2248 non
1870 2193 2024 2257 Alpheon
2052 2219 2204 2251 elaver-m
2229 2229 2374 2252 currere
2396 2219 2501 2253 terris

1683 2264 1839 2304 71“νςυι1“ε
1866 2263 2040 2294 Arcadiae
2067 2270 2184 2296 certus
2208 2267 2326 2308 adegit·
2349 2266 2474 2299 amor?

1541 2307 1623 2339 licet
1649 2308 1695 2341 ibi
1724 2310 1856 2348 quidem
1882 2311 2061 2349 legendum
2086 2310 2148 2352 sit,
2174 2313 2334 2344 diversas
2360 2321 2531 2355 quaerere
2548 2316 2622 2345 ter-

1542 2364 1628 2396 ras,
1655 2365 1698 2387 ex
1726 2365 1849 2395 sensu,
1879 2358 1912 2386 et
1934 2356 2077 2396 Virgilio
2102 2359 2186 2388 Aen.
2211 2361 2273 2399 ΙΙΙ,
2296 2356 2331 2390 4.

1633 2403 1792 2434 Diversa
1817 2403 1946 2444 em‘lm,
1970 2409 2006 2434 et
2029 2403 2180 2435 diversas
2212 2412 2378 2443 quaerere
2411 2404 2532 2435 terras.

1543 2447 1682 2479 Servius
1713 2449 1753 2479 ad
1791 2449 1932 2479 Aeneid.
1967 2449 2028 2489 XI,
2063 2450 2138 2481 142.
2171 2453 2248 2489 post
2280 2449 2369 2489 alia,
2412 2448 2462 2480 sie
2484 2448 2620 2481 scribit:

1541 2492 1580 2522 It
1602 2496 1737 2535 nigrum
1763 2502 1891 2526 CAMPJS
1914 2505 2056 2535 agmen,
2085 2504 2176 2534 pro,
2209 2503 2280 2526 ren
2303 2501 2460 2527 csssl’os:
2495 2499 2549 2532 et,
2583 2496 2620 2527 Ie

1540 2545 1672 2571 Poteris
1700 2541 1849 2581 jubare,
1887 2548 1958 2572 run
1986 2547 2141 2572 PORTAS.
2186 2541 2296 2572 Amne
2319 2549 2402 2572 vero
2425 2549 2487 2580 pro
2512 2550 2623 2580 omne,

1540 2587 1763 2618 certissimum
1796 2588 1877 2616 est..
1903 2585 2036 2618 Pariter
2068 2585 2103 2616 in
2135 2585 2186 2616 his
2219 2587 2360 2619 vocibus
2387 2588 2562 2626 peccatum
2582 2597 2620 2619 u-

1539 2632 1609 2669 pud
1642 2633 1705 2665 sil.
1747 2632 1900 2663 Italicum
1935 2634 1995 2673 lll,
2031 2632 2087 2662 42.
2119 2631 2178 2663 ubi
2215 2642 2278 2672 pro
2307 2635 2415 2665 omnis
2451 2633 2620 2666 Acarnan

1538 2678 1631 2707 recte
1661 2677 1820 2709 Heinsius
1843 2679 1956 2709 amm‘s
1982 2677 2162 2709 substituit.
2209 2680 2294 2710 Vide
2317 2680 2390 2710 Val.
2411 2679 2569 2711 Flaccum
2592 2681 2621 2721 1,

1540 2723 1596 2753 23.
1630 2724 1688 2755 ubi
1721 2724 1808 2754 idem
1845 2724 2012 2755 mendum.
2060 2726 2189 2755 Contra
2211 2725 2307 2756 ovid.
2332 2724 2462 2757 Pontic.
2485 2727 2544 2766 lv,
2567 2727 2621 2758 10.

1539 2777 1572 2798 v.
1598 2769 1652 2799 57.
1673 2779 1734 2809 pro
1758 2778 1874 2800 omnes
1897 2770 2023 2801 Mureti
2050 2770 2158 2800 codex
2182 2770 2282 2803 habet
2309 2780 2441 2803 amnes.
2495 2770 2621 2804 Amnis

1539 2816 1591 2845 est
1622 2814 1838 2846 Vulturnus.-
1870 2820 1904 2846 et
1931 2816 1978 2847 ita
2005 2826 2036 2847 v·
2054 2819 2109 2847 80.
2135 2819 2170 2847 et
2195 2819 2251 2849 95.
2276 2820 2311 2849 et
2338 2819 2416 2849 125.
2468 2817 2536 2849 γῆν
2559 2826 2622 2849 ve-

1538 2869 1579 2891 ro
1604 2861 1813 2893 Domitiana
1838 2861 1894 2901 (de
1921 2872 1986 2901 qua
2009 2871 2048 2894 re
2071 2862 2196 2894 oblitus
2218 2873 2308 2895 eram
2334 2873 2438 2904 supra
2462 2862 2616 2903 monere)

1538 2909 1632 2937 recte
1658 2907 1802 2939 dicitur:
1838 2906 1942 2950 licet,
1977 2907 2005 2938 si
2029 2908 2233 2948 Analogiam
2255 2913 2408 2950 spectes,
2440 2909 2620 2941 dicendum

1539 2954 1631 2983 esset
1663 2955 1911 2985 Domitiunea:
1956 2955 2015 2986 sed
2041 2954 2141 2986 aliter
2164 2965 2244 2987 usus
2268 2956 2422 2988 obtinuit.
2467 2954 2523 2987 Sic
2551 2953 2618 2984 γὼ

1537 2998 1672 3041 Appia,
1720 3000 1788 3031 Via
1814 2999 1996 3041 Trajana,
2027 3010 2123 3041 aqua
2146 3002 2308 3043 Marcia,
2343 3005 2377 3034 et
2400 3000 2543 3032 similis:
2572 2998 2616 3031 de

1537 3045 1657 3085 quibus
1685 3046 1762 3078 vide
1789 3046 1966 3078 Heinsium
1989 3047 2033 3078 ud
2057 3047 2154 3079 ovid.
2180 3049 2270 3081 Fast.
2295 3050 2340 3090 11,
2365 3048 2446 3080 491.

1582 3101 1615 3122 v.
1638 3092 1695 3123 22.
2051 3102 2206 3136 novoque

1673 3136 1814 3175 Injeceu
1850 3138 1980 3169 solidat
2012 3146 2153 3171 casm-:S
2186 3137 2344 3175 arenam]
2401 3132 2525 3166 Tbeod.
2549 3134 2617 3165 Go-

1536 3181 1664 3223 rallus,
1703 3192 1763 3214 seu
1796 3186 1947 3216 Joannes
1974 3184 2125 3217 clericus
2159 3186 2237 3218 Not.
2264 3183 2307 3215 ad
2330 3181 2512 3213 Auctorem
2534 3181 2617 3213 Aet-

1536 3237 1601 3260 nae
1625 3238 1655 3260 v.
1682 3231 1761 3261 200.
