2892 3840
413 430 517 476 232
1266 415 1454 464 NOTAE
1489 425 1559 461 AD
1587 411 1692 460 Lm.
1727 411 1784 458 II.
1814 415 1861 460 3.
2522 396 2523 399 ¹
2558 428 2658 477 99⁷

417 552 540 585 Fusius
569 559 667 591 agam
697 550 740 581 ad
763 551 832 588 111,
873 549 906 579 3.
932 555 963 576 v.
989 547 1044 576 77.
1069 541 1126 573 ubi
1151 541 1270 573 eadem
1293 538 1503 580 depravatio.

416 602 483 631 Pro
507 603 648 630 nostras
675 596 851 636 procellas
874 599 992 622 sensus
1015 589 1149 620 videtur
1176 587 1351 626 postulare
1377 591 1502 617 notas:

418 645 586 686 procellas
619 653 700 682 quas
729 644 896 680 expertus
935 645 984 666 es.
1042 637 1094 665 Ita
1126 634 1216 673 apud
1246 634 1319 664 Val.
1344 633 1502 683 Flacfflm

420 706 460 739 1,
481 705 561 734 257.
585 710 645 741 pro
673 703 774 730 notas
791 703 892 726 voces
915 693 1032 724 Codex
1057 690 1241 721 Burmanni
1264 689 1380 721 habuit
1405 698 1506 726 nras,

420 749 454 780 id
482 753 555 789 est,
598 753 750 777 nostras.
780 739 988 773 claudianus
1013 738 1054 769 de
1078 737 1173 769 Mall-
1195 737 1321 768 neoti.
1345 739 1446 768 Cous.
1473 744 1505 766 v.

422 796 586 869 ⁸10'Nec
608 836 723 866 molles
749 836 874 873 egeant
898 832 981 862 nota
1004 829 1183 860 dulcedine
1202 829 1301 859 ludi.-

421 897 471 928 ita
493 896 584 927 recte
608 891 713 923 edidit
736 888 896 920 Heinsius
925 897 988 927 pro
1016 891 1153 918 nostra.
1200 884 1395 915 Emeritam
1413 891 1506 923 pup-

417 953 519 984 pem,
546 942 584 970 ut
608 937 756 969 Martial.
783 935 899 974 Epigr.
924 934 978 975 X,
1004 934 1059 964 85.

510 985 693 1016 Emeritam
719 981 878 1022 puppim,
902 983 983 1020 ripa
1006 988 1096 1019 quae
1119 977 1239 1008 stabat
1267 977 1305 1006 iu
1329 973 1419 1011 alta,

557 1031 722 1070 Implevit
745 1029 871 1069 saxis,
903 1028 1130 1067 opposuitque
1153 1023 1276 1054 vadis:

421 1082 466 1114 Et
489 1082 617 1111 Lucan.
643 1077 712 1115 111,
738 1075 816 1106 515.

640 1120 809 1153 Emeritas
833 1122 995 1158 repetunt
1017 1114 1202 1147 navalibus
1233 1111 1342 1143 alnos.

465 1191 499 1214 v.
531 1181 606 1212 143.
670 1180 819 1210 Discrrn
862 1176 996 1214 securi]
1041 1173 1126 1205 Sine
1167 1169 1238 1200 ulla
1280 1165 1509 1199 haesitatIone

421 1229 519 1269 lege,

513 1275 642 1304 V1vrrss
672 1272 802 1301 securi.

422 1319 541 1360 Virgil.
566 1320 650 1349 Aen.
670 1318 741 1357 111,
769 1315 849 1346 493.

513 1367 643 1396 VivrrE
666 1362 804 1400 felices,
830 1359 955 1402 quibus
980 1363 1035 1390 est
1051 1358 1207 1401 fortuna
1227 1358 1380 1395 peracta

517 1413 602 1444 Jam
628 1419 706 1441 sua.

424 1465 538 1502 Supra
560 1467 592 1488 v.
620 1457 698 1486 121.
724 1454 822 1492 hujus
848 1453 966 1492 Eclog.

514 1507 605 1537 vivs:
636 1501 756 1532 Midae
779 1501 880 1540 gazis
907 1504 939 1530 et
967 1496 1061 1537 Lydo
1085 1497 1195 1528 ditior
1223 1505 1323 1527 auro.

426 1554 521 1585 Infra
541 1551 621 1581 Arb.
645 1546 743 1578 Ated.
766 1555 799 1575 v.
823 1547 879 1577 43.

517 1599 608 1628 VivE
634 1595 695 1624 diu
719 1594 838 1622 nostri
857 1591 985 1629 pignus
1007 1587 1223 1618 memorabile
1245 1589 1327 1618 voti.

428 1643 633 1677 Claudianus
658 1637 802 1677 Epithal.
850 1635 976 1667 Pallad.
1001 1637 1034 1665 et
1059 1634 1169 1664 Celer.
1196 1642 1228 1663 v.
1256 1634 1334 1664 129.

516 1692 644 1720 YlvxTE
668 1683 853 1715 concordes
881 1686 915 1712 et
940 1685 1095 1711 nostrum
1116 1681 1239 1710 discite
1262 1686 1401 1711 munus.

426 1736 579 1769 Tibullus
607 1733 678 1768 111,
707 1732 737 1761 5.

516 1785 645 1812 Vrvrre
670 1775 804 1813 felices,
838 1780 999 1803 memores
1025 1776 1060 1802 et
1082 1778 1207 1801 νινιτε
1232 1770 1354 1802 nostri,

428 1828 570 1861 ovidius
599 1822 736 1855 Heroid.
764 1822 829 1860 VI,
860 1818 935 1848 164.

516 1876 649 1904 vivrre
675 1870 793 1898 devoto
819 1868 997 1904 nuptaque
1024 1865 1147 1901 virque
1179 1866 1266 1892 toro.

427 1929 585 1964 solennis
609 1928 691 1957 haec
719 1922 862 1954 formula
890 1919 922 1949 in
950 1918 1056 1949 votis:
1086 1918 1162 1948 vide
1189 1915 1387 1948 Gevartium
1408 1916 1515 1947 Elect,

427 1980 499 2017 111,
538 1978 567 2006 8.
620 1971 742 2003 Nullus
786 1969 822 1998 in
864 1965 914 1996 his
962 1964 1064 1996 Silvis
1096 1965 1191 1994 locus
1224 1963 1330 2002 magis
1361 1963 1516 1993 exercuit

429 2020 637 2055 Gronovium
663 2026 761 2056 quam
785 2014 860 2054 hic,
884 2014 921 2042 ut
949 2013 1025 2050 lpse
1052 2011 1187 2051 fatetur,
1221 2010 1332 2041 Diatr.
1355 2012 1391 2041 c.
1420 2010 1514 2040 xlx,

1570 536 1635 568 Ubi
1669 534 1969 575 transpositionem
1996 543 2159 568 versuum
2186 535 2304 578 fingit,
2357 537 2392 569 et
2422 544 2486 576 pro
2518 536 2657 568 De‘scae'tu

1569 583 1653 622 legit
1692 583 1832 614 Dicite:
1877 582 1964 620 quod
1992 581 2142 620 explicat
2162 583 2197 613 et
2227 582 2375 614 defendit
2395 583 2535 614 Elench.
2561 581 2659 614 Anti-

1572 629 1672 661 diatr.
1701 631 1738 659 C.
1766 630 1826 659 111.
1857 627 1998 667 prolatis
2025 627 2153 667 aliquot
2176 626 2289 658 Ovidii
2314 628 2418 660 locis:
2449 628 2507 668 qui
2531 631 2658 670 tamen,

1574 677 1613 706 ut
1637 674 1714 705 mihi
1738 674 1895 716 videtur,
1931 673 2067 704 minime
2091 673 2169 704 huic
2191 672 2267 704 loeo
2290 674 2472 716 quadrant,
2515 683 2579 706 nec
2603 683 2662 705 eo·

1575 721 1651 753 dem
1691 721 1791 752 modo
1827 722 1861 751 et
1897 729 1991 752 more
2027 719 2198 750 dicuntur.
2253 718 2380 751 Nostra
2413 719 2662 759 simplicissima

1576 768 1628 798 eat
1661 766 1851 808 medicina,
1895 769 1930 797 et
1964 765 2106 796 mutatio
2139 763 2287 795 minima.
2343 764 2474 803 Optime
2496 774 2580 798 vero
2605 775 2663 797 oo-

1574 813 1718 844 haerent
1758 812 1851 843 haec.
1907 813 1994 843 Nam
2029 810 2127 843 initio
2165 811 2316 850 Ecloga'e
2349 810 2448 845 Pollii
2482 812 2517 841 et
2547 812 2663 844 Pollae

1577 858 1785 897 conjunctim
1806 857 2010 889 mentionem
2034 857 2164 889 fecerat
2192 865 2224 887 v.
2252 857 2286 886 9.
2313 857 2347 886 et
2381 856 2456 888 107.
2490 855 2547 888 Sis
2564 857 2663 900 felis

1578 905 1681 937 tellus
1715 911 1863 936 oomnis
1891 911 2067 935 ammaus.
2122 904 2196 934 Jam
2220 901 2342 933 iterum
2369 900 2563 942 conjungit,
2601 904 2664 934 Vi-

1578 958 1665 983 vrrr.
1701 952 1820 982 securi
1850 951 1913 981 etc.
1970 951 2015 981 Et
2049 957 2128 980 mox
2160 948 2288 979 Pollam
2321 947 2501 987 separatim
2537 947 2664 989 laudat,

1584 998 1700 1037 Tuque
1735 1005 1845 1028 nurus
1874 999 1968 1028 inter
2008 996 2106 1037 longe
2136 994 2376 1034 pulcherrima
2412 996 2476 1025 etc.
2509 993 2668 1032 quoniam

1578 1052 1750 1082 nunquam
1784 1044 1862 1073 ante
1897 1043 2034 1073 fecerat.
2094 1042 2159 1072 Pro
2179 1040 2422 1080 pulcherrima
2444 1038 2534 1070 Edit.
2556 1040 2666 1071 Parni.

1578 1090 1678 1121 habet
1716 1089 1940 1128 praecordia.
1982 1087 2073 1118 unde
2107 1089 2200 1126 patet
2231 1087 2318 1117 hanc
2353 1095 2471 1118 vocem
2497 1094 2566 1116 non
2591 1093 2667 1116 ene

1579 1137 1770 1176 figmentum
1801 1133 1940 1166 Domitii
1959 1135 1993 1164 et
2016 1142 2180 1171 nusquam
2207 1131 2286 1163 alibi
2309 1132 2451 1173 lectam,
2492 1131 2582 1170 quod
2609 1140 2671 1163 vo-

1579 1182 1643 1214 luit
1667 1181 1871 1212 Gronovius.
1919 1181 2043 1212 Totum
2069 1189 2154 1211 vero
2177 1187 2312 1210 versum
2338 1178 2386 1210 sic
2413 1177 2562 1218 concipit
2582 1178 2667 1210 Pu·-

1578 1236 1716 1266 mensis,

1678 1273 1796 1313 Tuque
1819 1280 1928 1303 nurus
1953 1273 2045 1302 inter
2068 1270 2167 1311 longe
2194 1276 2435 1301 PRAECORDIA
2460 1276 2578 1302 cunm

1675 1319 1753 1350 Non
1769 1319 1928 1361 frontem
1951 1323 2082 1347 VISERE
2106 1318 2220 1347 minae
2236 1326 2248 1345 .·

1583 1364 1754 1399 Romana.
1791 1364 2004 1404 praecordia
2037 1361 2150 1400 cajeta.
2205 1360 2371 1391 Heinsius
2398 1360 2439 1391 ad
2464 1359 2578 1392 Ovidii
2600 1360 2669 1391 He-

1583 1409 1670 1441 roid.
1706 1410 1806 1450 XXI,
1843 1411 1918 1442 165.
1968 1417 2029 1448 pro
2054 1412 2190 1438 vertere
2211 1415 2255 1437 ex
2281 1407 2413 1437 vetusto
2438 1405 2563 1438 Codice
2586 1405 2670 1445 legit

1585 1461 1755 1488 traxere:
1779 1457 1877 1489 bene.
1912 1456 1964 1486 lta
1992 1453 2154 1494 Ovidius,
2176 1453 2252 1484 loeo
2276 1452 2348 1483 illic
2375 1451 2532 1494 adducto,
2554 1453 2668 1483 Amor.

1585 1504 1639 1543 11,
1664 1505 1696 1534 2.

1679 1550 1760 1578 Cum
1788 1547 1871 1577 bene
1893 1548 1953 1577 vir
1976 1545 2081 1577 traxit
2104 1544 2232 1575 vultum
2257 1552 2431 1585 rugasque
2456 1543 2575 1585 coe'gt't.

1584 1592 1673 1624 idem
1709 1593 1798 1632 quod
1823 1594 2034 1631 contra.rit;
2077 1591 2172 1628 cujus
2196 1590 2384 1629 oppositum
2411 1590 2546 1620 solvere
2575 1588 2669 1618 fron-

1584 1640 1663 1669 tem.
1711 1638 1862 1678 Deinde,
1907 1646 2008 1668 versu
2046 1636 2200 1674 proxime
2234 1635 2386 1674 sequenti
2412 1644 2473 1673 pro
2501 1642 2669 1665 curarum

1584 1684 1692 1716 voluit
1722 1694 1899 1726 rugarum.
1957 1683 2022 1716 Sed
2058 1683 2158 1713 nimis
2183 1682 2338 1721 ambigua
2360 1681 2495 1712 videtur
2515 1688 2586 1711 vox
2609 1688 2670 1709 ru-

1582 1740 1733 1772 garum,-
1779 1733 1813 1760 et
1847 1729 1950 1769 paulo
1984 1730 2063 1760 ante
2097 1729 2232 1759 dixerat
2268 1738 2334 1758 non
2350 1728 2510 1770 frontem
2535 1730 2670 1758 vertere

1584 1779 1726 1808 minae:
1770 1785 1855 1815 quae
1891 1784 1966 1806 cum
1998 1775 2087 1805 idem
2125 1775 2338 1813 exprimant,
2378 1772 2415 1802 in
2440 1770 2671 1814 ταυτολογὶαν

1585 1824 1719 1861 poetam
1753 1821 1944 1860 conjicient.
2002 1822 2068 1852 Pro
2106 1820 2249 1851 Gaudia
2281 1818 2405 1858 optime
2434 1821 2530 1857 potes
2555 1818 2668 1856 legere

1587 1868 1742 1899 Gratia:
1791 1871 1825 1898 ct
1871 1868 1943 1898 fere
1978 1867 2186 1906 persuadeor
2220 1865 2364 1897 Statium
2401 1864 2449 1894 ita.
2481 1863 2667 1903 scripsisse.

1583 1914 1710 1945 Passim
1739 1914 1801 1945 hac
1825 1922 1909 1943 voce
1934 1913 1975 1943 de
1999 1922 2036 1943 re
2061 1912 2179 1942 eadem
2201 1913 2358 1949 usurpat:
2398 1913 2436 1942 ut
2462 1920 2493 1941 v.
2522 1911 2574 1941 10.
2615 1910 2668 1938 m·-

1584 1961 1680 1991 tidae
1707 1960 1882 1999 juvenilis
1920 1958 2032 1999 gratia
2062 1958 2193 1990 Pollae.
2249 1957 2326 1989 Vid.
2357 1957 2454 1987 Lacr.
2480 1955 2612 1987 Etrunc.
2638 1962 2670 1984 v.

1589 2007 1664 2037 114.

1293 2186 1654 2237 ECLOG.
1723 2185 1800 2232 ΙΙΙ.

474 2341 582 2372 vens.
610 2339 640 2368 1.
707 2333 811 2374 Stat,
856 2339 941 2371 quae
974 2330 1187 2368 perspicuas
1223 2328 1330 2359 nimii
1357 2327 1514 2359 Melioris

738 2395 740 2397 ·
871 2381 1003 2416 opacat

518 2430 633 2462 Arbor
650 2435 774 2468 aquas,
802 2424 982 2463 complexa
999 2422 1108 2451 lacus.
1131 2426 1223 2455 QUAE
1244 2418 1365 2449 robore
1388 2420 1431 2450 ab
1451 2421 1517 2450 imo

524 2480 681 2508 Curvata
713 2473 792 2510 eto]
835 2469 981 2501 Attende
1016 2465 1268 2497 constructioni
1299 2465 1397 2503 hujus
1431 2465 1516 2496 loci:

430 2524 545 2555 Arbor
577 2528 670 2557 QUAE
700 2522 834 2557 opacat
850 2517 1061 2555 perspicuas
1089 2521 1201 2552 aquas
1229 2512 1335 2542 nitidi
1358 2511 1517 2542 Melioris

432 2577 508 2603 seat
547 2567 729 2607 complexa
766 2565 877 2594 lacus.
914 2568 1007 2597 QUAE
1041 2565 1191 2590 curvata
1225 2558 1348 2587 robore
1383 2559 1427 2597 ab
1454 2560 1520 2588 imo

432 2621 497 2648 etc.
546 2613 630 2650 Quis
663 2613 751 2641 ferre
787 2611 899 2649 potest
931 2607 1018 2637 hanc
1042 2604 1209 2635 incuriam
1236 2603 1521 2642 compositionis?

431 2666 522 2702 Lege
545 2662 578 2690 et
603 2658 780 2696 distingue,

522 2705 550 2749 J
556 2706 635 2736 Stat
650 2725 661 2740 ‚
683 2712 773 2743 quae
795 2700 1006 2740 perspicuas
1035 2696 1137 2726 nitidi
1166 2694 1321 2725 Melioris
1349 2701 1480 2733 opacat

521 2751 636 2782 Arbor
655 2757 789 2788 aquas,
815 2745 996 2784 complexa
1021 2742 1147 2772 lacus:
1171 2748 1218 2771 ΕΑ
1241 2740 1362 2771 robore
1389 2741 1433 2771 ab
1453 2742 1517 2770 imo

528 2800 686 2829 Curvata
711 2796 774 2824 etc.

432 2846 507 2876 Jam
541 2840 715 2874 evanescit
751 2835 938 2870 obscuritas
972 2833 1047 2864 orta
1080 2839 1125 2862 ex
1159 2829 1283 2869 duplici
1313 2838 1418 2867 QUAE.
1466 2832 1519 2862 Ita

431 2890 521 2922 infra
543 2899 575 2921 v.
602 2891 656 2920 10.

656 2932 758 2964 silvis
783 2937 853 2964 EA,
868 2923 1145 2967 fluminibusque
1170 2924 1345 2962 sequentis

521 2982 624 3012 Nunc
662 2979 771 3010 hirtos
798 2982 962 3016 gressus,
1006 2980 1099 3000 nunc
1126 2970 1282 3008 improba
1306 2976 1441 2998 cornua
1466 2969 1519 2998 vi-

434 3072 483 3102 ita
508 3071 597 3101 enim
619 3029 798 3110 legdilidum
819 3075 864 3097 ex.
882 3063 971 3095 Edit.
999 3060 1182 3101 Parmensi,
1209 3069 1271 3099 pro
1289 3060 1393 3091 silvis
1415 3066 1519 3089 HAEC.

482 3125 514 3146 v.
538 3118 572 3147 2.
968 3109 1090 3139 robore
1113 3109 1157 3138 ab
1181 3110 1249 3138 imo

530 3163 684 3191 Curvata
713 3160 749 3190 in
779 3158 908 3193 nodos,
955 3155 1043 3185 redit
1080 3155 1161 3186 iude
1185 3154 1267 3191 etc.]
1315 3151 1436 3181 Robur
1458 3151 1521 3181 hoc

437 3204 515 3236 loco
543 3205 633 3237 idem
663 3206 714 3236 eat
746 3205 834 3243 quod
864 3209 1039 3235 truncus.-
1084 3202 1122 3231 ut
1158 3198 1300 3231 Glaucia
1338 3196 1450 3230 Atedii
1487 3206 1519 3227 v.

446 3252 520 3281 101.

1683 2323 1765 2354 Vidi
1786 2333 1845 2364 ego
1869 2327 2066 2353 transertos
2091 2321 2210 2353 aliena
2235 2323 2272 2352 in
2295 2322 2420 2352 robora
2440 2327 2555 2351 ramos

1677 2369 1792 2400 Altius
1816 2371 1868 2399 irc
1890 2370 1975 2399 suis.

1587 2427 1632 2458 Et
1658 2427 1760 2457 Theb.
1792 2426 1858 2466 1X,
1885 2426 1963 2456 585.

1680 2474 1773 2503 Nota
1793 2481 1859 2511 per
1880 2470 2054 2501 Arcadias
2071 2470 2200 2512 felicis
2225 2468 2349 2498 robore
2376 2465 2490 2497 silvas

1681 2520 1838 2557 Quercus
1865 2521 1954 2548 erat.

1588 2576 1680 2607 Nodv'
1710 2575 1765 2613 qui
1799 2574 1865 2604 sint
1900 2573 1935 2603 in
1973 2570 2160 2602 Arboribus
2195 2569 2304 2608 quivis
2337 2567 2505 2606 intelligat
2534 2565 2590 2596 vel
2625 2571 2672 2595 ex

1587 2622 1651 2652 hoc
1676 2622 1753 2652 loco
1781 2619 1878 2650 Plinii
1904 2619 2002 2657 XV1,
2029 2618 2080 2648 38.
2112 2617 2200 2646 unde
2224 2615 2490 2655 deprehenditur
2507 2621 2554 2642 an
2578 2616 2673 2642 torta

1590 2671 1638 2699 stt
1669 2669 1855 2703 materies,
1897 2664 2060 2702 nodisque
2094 2665 2248 2693 concisa.
2304 2662 2414 2691 Arbor
2446 2663 2599 2689 curvata
2633 2659 2670 2688 in

1589 2715 1694 2744 nodos
1737 2714 1787 2742 est
1829 2720 1914 2750 quae
1947 2713 2143 2740 curvatura
2182 2709 2286 2738 nodos
2323 2705 2458 2745 efficit,
2504 2706 2542 2735 ut
2575 2702 2674 2743 digiti

1590 2764 1789 2790 curvantur
1820 2760 1856 2788 in
1884 2765 2014 2797 ungues
2042 2755 2130 2793 apud
2154 2754 2250 2785 ovid.
2274 2755 2356 2784 Met.
2381 2752 2426 2792 X,
2450 2751 2530 2782 699.
2573 2750 2672 2780 Luat

1589 2811 1738 2837 curvata
1763 2807 1800 2835 iu
1832 2813 1966 2834 cornua
1986 2801 2095 2833 Plinio
2120 2802 2196 2831 Nat.
2217 2800 2302 2830 Hist.
2321 2801 2365 2840 11,
2389 2799 2419 2830 3.
2445 2799 2479 2828 et
2497 2795 2670 2836 XXXVII,

1591 2855 1643 2884 10.
1691 2850 1808 2889 Virgil.
1833 2852 1915 2881 Aen.
1943 2850 2003 2888 ΙΙΙ,
2029 2849 2106 2879 533.

1684 2898 1814 2927 Portus
1839 2897 1883 2926 ab
1905 2895 1978 2925 Eoo
1998 2893 2120 2934 fluctu
2144 2892 2303 2923 curvatur
2326 2890 2362 2920 in
2387 2897 2512 2920 arcum.

1588 2955 1661 2985 Hoc
1709 2963 1790 2985 vero
1834 2956 1932 2992 pacto
1977 2950 2125 2982 abundat
2160 2948 2295 2987 aliquid.
2328 2946 2449 2986 quippe
2481 2941 2564 2974 sati·
2595 2941 2669 2972 erat

1589 3001 1716 3031 dixisse
1751 3010 1839 3041 quae
1872 3001 1916 3030 ab
1942 3000 2008 3028 imo
2029 3003 2154 3028 trunco
2180 3001 2370 3033 cunvA'rA,
2409 2989 2536 3022 exinde
2559 2989 2673 3028 surgit

1589 3055 1722 3078 RECTA.
1769 3048 1860 3086 Lege
1887 3047 1922 3076 et
1944 3043 2132 3083 distingue,

2056 3088 2114 3119 Ea
2137 3088 2259 3118 robore
2283 3085 2327 3114 ab
2347 3084 2412 3113 imo

1685 3140 1851 3179 Curvata,
1878 3143 2010 3168 nnoms
2038 3136 2134 3166 redit
2155 3133 2255 3172 inde,
2279 3127 2457 3160 cacumine
2480 3121 2588 3165 rectof

1682 3184 1815 3215 Ardua.

1591 3243 1667 3273 Jam
1699 3242 1765 3273 duo
1799 3240 1894 3272 vides
1925 3239 1967 3270 ob
2000 3244 2086 3276 quae
2110 3235 2195 3266 hanc
2216 3231 2381 3264 Arborem
2402 3227 2539 3269 laudat,
2584 3225 2674 3266 quod

2878 883 2892 1339 -Qfflfflm÷⁴mffl

2882 1426 2892 1467 nnn.
2881 1339 2892 1423 ,ἠοῖ-ν
