2892 3840
403 478 482 518 xx
695 473 697 475 ’
1223 463 1801 513 Efficiam-Ruit.

400 586 506 621 non
539 569 697 620 semel
727 569 915 617 factum
947 574 1079 625 erat,
1134 566 1463 617 Marklandus
1506 569 1748 618 nonnulla
1790 569 2247 621 animadversionis
2291 568 2454 622 verba·
2487 568 2647 618 deleri

403 649 551 704 atque
583 641 637 687 in
673 653 845 685 eorum
876 638 1039 684 locum
1075 635 1174 683 alia
1206 636 1444 684 substitui
1473 638 1719 697 voluerat,
1753 639 1854 688 illis
1879 640 2094 690 servatis
2115 639 2239 687 haec
2255 639 2434 700 adjeci.
2477 636 2647 687 Unum

399 708 733 765 Addendum,
761 706 895 770 quod
929 720 1031 751 non
1067 719 1158 752 suo
1195 705 1305 753 loco
1337 705 1430 753 sed
1462 707 1518 752 in
1549 707 1648 754 fine
1682 707 1989 771 reliquorum
2020 723 2051 756 a
2079 706 2380 755 Marklando
2415 713 2525 755 erat
2557 721 2647 771 po-

399 780 582 835 situm,
630 791 721 837 ego
752 790 946 838 quoque
981 774 1035 820 in
1069 774 1222 821 finem
1257 782 1491 822 notarum
1525 776 1702 836 rejeci,
1749 791 1902 840 quum
1936 792 2042 824 non
2076 777 2248 824 statim
2284 776 2437 824 istam
2469 773 2648 840 τρίτην

400 842 656 912 φροντίδα
702 842 909 890 editoris
952 843 1215 889 clarissimi
1268 842 1755 892 animadvertissem.
1798 874 1867 880 —
1936 845 2066 892 Tum
2099 842 2426 893 Marklandus
2457 845 2514 891 in
2547 844 2646 891 fine

400 915 726 981 praefationis
773 913 1074 973 farraginem
1115 912 1372 959 variarum
1406 911 1678 958 lectionum
1715 911 2009 972 collegerat,
2056 927 2179 975 quas
2214 927 2246 960 a
2279 912 2448 959 futuro
2481 912 2648 962 Silva-

399 999 510 1031 rum
545 982 736 1030 editore
771 982 826 1028 in
861 995 1003 1027 suam
1040 977 1317 1025 editionem
1350 979 1508 1043 recipi
1544 979 1727 1038 volnit3
1772 979 1908 1042 quod
1935 981 2034 1029 viri
2067 979 2494 1044 praestantissimi
2530 995 2647 1028 con-

400 1053 568 1100 silium
604 1050 745 1112 sequi
779 1063 880 1095 non
916 1047 1286 1103 dubitavimus,
1334 1053 1386 1093 et
1420 1061 1597 1094 omnes
1628 1047 1740 1095 illas
1774 1046 2014 1094 lectiones
2046 1049 2101 1096 in
2137 1055 2339 1094 textum
2366 1047 2655 1107 intulimus,

395 1122 469 1169 ita
504 1122 712 1180 tameng
747 1124 804 1165 ut
838 1116 998 1164 sicubi
1032 1116 1126 1163 hoc
1161 1115 1350 1162 factum
1384 1122 1520 1162 esset
1553 1114 1792 1162 lectorem
1827 1117 2000 1180 paucis
2036 1116 2207 1166 verbis
2242 1116 2348 1163 ima
2379 1116 2435 1163 in
2460 1116 2650 1179 pagina

398 1186 584 1236 additis
631 1186 724 1232 hac
767 1185 830 1232 de
871 1201 926 1231 re
971 1183 1377 1240 adverteremus,
1433 1190 1485 1230 et
1530 1183 1652 1247 quid
1683 1192 1835 1231 antea
1864 1184 2047 1232 lectum
2086 1185 2290 1242 fuisset,
2336 1185 2533 1232 uncinis
2567 1185 2646 1231 in·

397 1255 584 1304 clusum
624 1262 675 1301 et
706 1254 864 1300 literis
899 1265 983 1300 Eo.
1021 1266 1100 1302 on.
1136 1259 1392 1309 notatum,
1435 1250 1788 1300 indicaremus.
1856 1252 2186 1301 Marklandus
2229 1260 2400 1301 autem
2432 1252 2535 1300 illis
2572 1252 2644 1300 le-

396 1323 644 1372 ctionibus
687 1322 811 1369 haec
839 1323 1124 1386 praemisit:
1180 1320 1268 1378 „Si
1305 1321 1414 1383 quis
1447 1319 1540 1367 hos
1583 1319 1841 1367 Silvarum
1874 1320 2025 1368 libros
2055 1321 2265 1387 posthac
2297 1319 2523 1369 editurus
2559 1322 2642 1380 sit,

395 1392 690 1451 „consilium
731 1390 797 1437 do
842 1399 898 1438 ut
942 1391 997 1438 in
1042 1389 1353 1438 Contextum
1401 1387 1639 1436 admittat
1679 1389 1803 1437 haec
1839 1404 1966 1453 quae
1999 1396 2301 1454 sequuntur,
2349 1390 2536 1453 partim
2571 1403 2643 1438 ex

394 1459 591 1520 ‚,libris,
647 1460 830 1524 partim
878 1475 947 1506 ex
996 1459 1276 1506 certissima
1321 1455 1724 1504 emendatione.“
1801 1457 2129 1506 Marklandus
2174 1472 2329 1522 quum
2373 1458 2430 1504 in
2473 1458 2642 1520 priore

395 1529 617 1576 editione
658 1528 850 1575 nullum
884 1529 983 1576 nisi
1018 1534 1277 1575 auctorum
1312 1525 1534 1573 indicem
1569 1526 1818 1585 dedisset,
1869 1526 1996 1574 duos
2026 1526 2220 1574 indices
2253 1525 2642 1585 elaboravimus,

394 1611 604 1661 quorum
640 1598 837 1644 numeri
873 1597 1146 1644 editionem
1182 1594 1525 1642 Dresdensem
1561 1603 1860 1659 sequuntur,
1898 1596 2037 1658 cujus
2072 1597 2282 1643 summis
2317 1595 2520 1660 paginis·
2547 1608 2642 1642 nu-

393 1681 560 1715 meros
591 1666 706 1713 libri
729 1665 1065 1713 Londinensis
1102 1664 1371 1727 adscripsi,
1409 1679 1473 1711 ne
1510 1664 1712 1711 crebrae
1749 1665 2105 1712 commentarii
2130 1657 2521 1712 Marklandiani'
2535 1661 2644 1710 lau-

393 1733 623 1782 dationes
657 1733 932 1783 secundum
965 1735 1174 1798 paginas
1211 1733 1373 1780 iactae
1411 1747 1540 1780 nunc
1569 1748 1773 1796 prorsus
1808 1734 2013 1781 inutiles
2046 1732 2391 1780 redderentur.
2460 1731 2642 1793 Singu-

391 1803 485 1851 lari
522 1811 693 1853 autem
724 1804 926 1851 fortuna
963 1803 1171 1860 accidit,
1217 1809 1274 1848 ut
1304 1801 1516 1849 editioni
1540 1803 1614 1849 ita
1644 1817 1675 1849 a
1708 1803 1854 1850 nobis
1890 1802 2164 1850 adornatae
2191 1802 2469 1849 auctarium
2502 1798 2641 1848 haud

390 1872 598 1933 vulgare
634 1872 848 1935 adjicere
883 1872 1070 1919 liceret.
1138 1869 1486 1918 Interceden·te
1521 1871 1657 1917 enim
1692 1871 1975 1930 Franeesco·
2004 1869 2271 1928 Passovz‘o,
2309 1870 2394 1934 qui
2413 1868 2502 1916 Vir
2523 1883 2644 1917 mea

390 1940 539 1987 laude
575 1940 720 2002 longe
757 1942 982 2005 superior
1011 1940 1323 1987 humanitate
1363 1940 1459 2003 ipsi
1498 1941 1702 2003 propria
1740 1940 2000 1988 literarum
2034 1938 2497 2004 promovendarum
2528 1937 2640 1984 nul·

387 2008 490 2056 lam
517 2011 829 2056 occasionem
862 2009 1246 2073 praetermittit,
1302 2017 1584 2055 accuratam
1625 2023 1773 2071 spero
1818 2009 2135 2057 collationem
2172 2007 2355 2055 codicis
2390 2003 2639 2067 Rehdige-

387 2078 517 2125 riani
564 2085 739 2124 nactus
781 2093 905 2125 sum.
976 2079 1022 2125 Is
1062 2077 1249 2134 codex,
1306 2077 1444 2137 cujus
1479 2092 1573 2140 ope
1603 2074 1770 2134 Cirin,
1817 2093 1943 2142 quae
1979 2078 2112 2126 male
2145 2076 2352 2139 Virgilio
2386 2073 2637 2132 tribuitur,

388 2146 557 2209 paullo
603 2145 1028 2203 emendatiorem,
1071 2161 1248 2208 quam,
1299 2160 1432 2191 nunc
1477 2145 1657 2206 legitur
1722 2146 1989 2210 aliquando
2032 2146 2212 2203 edam,
2269 2144 2404 2209 quod
2433 2151 2491 2191 ut
2528 2143 2642 2191 fieri

388 2214 572 2277 possit,
615 2215 825 2275 insignis
866 2214 1092 2276 Augusti
1130 2212 1418 2260 [Vellaueri
1455 2213 1562 2260 Viri
1591 2213 1807 2261 Doctiss.
1845 2215 2118 2263 liberalitas
2164 2215 2355 2272 effecit,
2410 2212 2635 2261 omnium

389 2290 633 2345 quotquot
675 2284 784 2330 noti
830 2290 947 2330 sunt
988 2282 1216 2329 codicum
1251 2281 1390 2329 MSS.
1440 2281 1618 2328 harum
1657 2282 1912 2331 Silvarum
1956 2284 2176 2348 primum
2211 2290 2355 2330 tenet
2388 2280 2635 2338 ordinem,

388 2349 522 2413 quod
548 2351 657 2412 jam
691 2351 940 2398 Ηαηιῖιὶιεν
964 2351 1226 2398 collatione
1259 2350 1406 2412 hujus
1441 2350 1624 2397 codicis
1661 2366 1962 2415 quamquam
1996 2350 2270 2399 admodum
2301 2365 2480 2399 manca
2512 2362 2636 2397 usus

385 2418 642 2467 intellexit
688 2426 763 2482 (v.
801 2420 1019 2467 Statium
1065 2418 1392 2467 Handianum
1432 2419 1539 2465 vol.
1577 2419 1609 2465 l.
1656 2435 1703 2482 p.
1741 2419 1890 2468 XXV.
1935 2425 2054 2485 sq.>‚
2108 2421 2312 2482 ejusque
2346 2416 2633 2482 apographo

385 2486 529 2534 nobis
575 2502 823 2535 concesso·
860 2504 921 2535 eo
970 2488 1186 2549 majores
1235 2489 1461 2537 virorum
1505 2486 1765 2534 doctorum
1808 2490 1993 2550 gratias
2028 2488 2299 2536 Passovius
2338 2486 2634 2550 promeruit,

385 2570 481 2617 quo
513 2557 774 2618 pauciores
811 2557 1066 2620 hucusque
1097 2556 1311 2604 adhibiti
1358 2563 1475 2603 sunt
1515 2555 1582 2602 ad
1611 2556 1762 2602 Statii
1799 2556 1967 2604 Silvas
2000 2554 2344 2603 emendandas
2380 2555 2494 2602 libri
2527 2554 2639 2618 Mae

385 2625 641 2687 nuscripti.
713 2625 792 2671 De
834 2627 948 2688 ipso
991 2625 1160 2671 codice
1201 2625 1346 2686 plura
1391 2623 1557 2669 dicere
1602 2638 1705 2669 non
1740 2626 1946 2682 attinet,
2005 2639 2158 2687 quum
2195 2632 2247 2671 et
2275 2623 2506 2671 Handi'us
2541 2622 2633 2670 121.

387 2699 438 2738 et
469 2693 760 2756 nuperrime
789 2693 1093 2740 Fredericus-
1119 2691 1333 2739 Jacobus
1367 2692 1423 2737 in
1453 2690 1772 2738 Praefatione
1805 2691 1871 2739 ad
1906 2692 2088 2741 Lucilii
2123 2692 2343 2741 Aetnam
2379 2708 2409 2740 a
2435 2707 2490 2740 se
2527 2691 2634 2739 edi-

386 2767 494 2806 tum
527 2759 590 2807 de
629 2776 688 2808 eo
726 2761 1077 2820 disseruerint3
1123 2768 1174 2807 et
1209 2760 1276 2807 de
1310 2759 1572 2806 collatione
1603 2760 1697 2807 hoc
1731 2761 2012 2810 notandum
2048 2769 2231 2820 restat,
2283 2761 2442 2811 verba
2471 2761 2633 2808 literis

385 2829 622 2887 cursiviS,
671 2837 728 2877 ut
762 2832 925 2893 aJ'unt,
975 2831 1223 2892 impressa
1266 2844 1296 2875 a
1332 2827 1500 2875 codice
1536 2828 1884 2891 Rehdigerano
1921 2831 2114 2879 abesse.
2218 2829 2315 2879 Ubi
2356 2830 2503 2880 verbi
2544 2829 2634 2878 ali·

384 2896 522 2944 cuius
563 2912 665 2945 una
705 2900 930 2947 alterave
963 2899 1107 2946 litera
1139 2899 1275 2962 typis
1310 2896 1494 2943 iisdem
1527 2906 1739 2946 exarata
1774 2907 1867 2958 est,
1903 2901 2060 2947 lector
2095 2907 2368 2958 memento,
2403 2899 2459 2946 in
2488 2898 2633 2947 Msto

380 2965 477 3012 illis
514 2966 675 3014 literis
708 2976 946 3032 punctum
977 2967 1311 3031 subscriptum
1347 2965 1519 3023 fuisse,
1550 2966 1904 3027 indicaturum,
1937 2984 2021 3016 eas
2057 2970 2212 3016 fuisse
2233 2967 2489 3015 delendas.
2554 2966 2634 3013 In-

382 3036 602 3097 terposui
646 3051 768 3085 vero
823 3037 1089 3083 nonnullas
1138 3035 1518 3083 observationes
1577 3034 1830 3095 Passer-il,
1892 3038 1962 3086 ab.
2008 3037 2102 3086 hoc
2156 3040 2211 3087 in
2260 3043 2631 3101 programmate

380 3100 662 3151 academico
716 3121 760 3154 a.
800 3102 1200 3153 MDCCCXVHI.
1232 3103 1370 3150 edito
1410 3103 1643 3167 prolatas.

600 3193 680 3241 En
708 3195 816 3256 jam
851 3196 1015 3259 ipsam
1044 3195 1362 3244 collationem
1400 3192 1466 3241 ad
1495 3192 1649 3254 hanc,
1685 3210 1836 3260 quam
1870 3209 2023 3245 manu
2061 3194 2198 3253 teris,
2231 3194 2416 3254 lector,
2451 3192 2634 3243 editio-

383 3275 499 3307 nem
526 3259 868 3312 Dresdensem
898 3264 1104 3311 iactam:
