2892 3840
898 387 1608 435 s1LVAnun1Lln.
1676 387 1756 434 Iv.
2406 395 2500 442 121

246 509 536 575 Respiciens
570 508 754 558 blande
785 508 914 557 felix
944 509 1168 558 Eumelis
1201 510 1398 571 adorat3

249 600 449 663 Tuque,
480 598 671 647 Actaea
704 597 884 656 Ceres,
915 612 1063 646 cursu
1097 600 1177 646 cui
1206 614 1407 663 semper
1437 600 1616 648 anhelo
2438 609 2506 654 50

247 689 486 738 Votivam
515 689 653 736 taciu'
685 702 979 752 quassamus
1010 687 1247 752 lampada
1278 695 1502 750 mystae:

247 779 316 826 Et
352 793 473 836 vos,
510 777 864 839 Tyndaridae,
902 791 1025 840 quos
1056 792 1161 824 non
1188 776 1440 825 horrenda
1467 776 1685 838 Lycurgi

251 867 506 929 Taygeta,
537 867 871 916 umbrosaeve
906 868 1068 929 magis
1103 867 1299 914 coluere
1330 865 1641 930 Therapnae,

253 956 363 1004 Hos
390 971 503 1004 cum
536 956 683 1020 plebe
720 970 812 1003 sua
836 957 990 1020 patrii
1027 963 1227 1005 servate
1258 955 1486 1004 Penates.

253 1046 367 1094 Sint
397 1047 482 1109 qui
514 1045 701 1092 fessam
734 1059 863 1093 aevo
898 1044 1181 1107 crebrisque
1213 1044 1465 1092 laboribus
1499 1046 1676 1092 urbem
2437 1055 2500 1100 55

253 1135 385 1182 Voce
417 1133 693 1198 opibusque
714 1132 921 1193 juvent,
964 1131 1214 1194 viridique
1244 1132 1300 1177 in
1325 1134 1529 1179 nomine
1561 1142 1777 1182 servent.

252 1223 347 1271 His
381 1220 604 1285 placidos
636 1221 831 1282 genitor
859 1235 1043 1276 mores,
1073 1219 1364 1283 largumque
1396 1222 1615 1268 nitorem

252 1312 500 1359 Monstret
530 1325 682 1368 avus3
708 1308 944 1373 pulchrae
980 1308 1204 1356 studium
1233 1310 1438 1357 virtutis
1472 1317 1695 1374 uterque.

254 1399 451 1465 Quippe
488 1407 541 1445 et
569 1413 690 1462 opes
723 1405 775 1444 et
806 1399 943 1460 origo
970 1398 1158 1454 sinunt,
1187 1397 1332 1455 hanc,
1358 1385 1592 1462 lampade
1623 1400 1787 1464 prima

252 1489 488 1536 Patritias
518 1490 706 1536 intrare
734 1487 892 1545 fores3
926 1486 1046 1544 hos,
1081 1485 1214 1550 pube
1244 1485 1336 1532 sub
1366 1486 1480 1550 ipsa
2437 1494 2503 1539 60

254 1577 331 1642 (Si
362 1576 514 1624 modo
556 1591 715 1641 prona
748 1575 895 1623 bonis
921 1575 1099 1624 invicti
1131 1572 1362 1622 Caesaris
1393 1574 1561 1623 adsint

252 1666 493 1729 Numina)
525 1665 756 1712 Romulei
790 1665 947 1712 limen
982 1663 1183 1728 pulsare
1219 1662 1448 1711 Senatus.

1337 1954 1419 2002 IX.

255 2078 510 2136 RISUS
567 2075 1294 2137 SATURNALITIUS
1344 2077 1463 2133 AD
1519 2074 1928 2135 PLOTIUM
1979 2077 2495 2137 *GRYPHUM

255 2316 428 2399 EST
463 2361 584 2394 sane
608 2348 755 2410 jocus
794 2348 921 2405 iste,
955 2345 1090 2411 quod
1119 2346 1342 2394 libellum

254 2440 439 2488 Misisti
470 2441 622 2499 mihi,
658 2440 862 2504 Gryphe
878 2474 892 2498 ,
920 2455 1011 2503 pro
1046 2439 1227 2486 libello.

254 2527 512 2577 Urbanum
546 2538 717 2578 tamen
749 2529 843 2576 hoc
880 2535 1049 2592 potest
1078 2528 1259 2584 videri,

259 2617 314 2665 Si
342 2626 459 2682 post
483 2618 577 2667 hoc
609 2619 797 2683 aliquid
828 2618 956 2666 mihi
989 2618 1241 2664 remittas:

260 2705 390 2755 Nam
425 2708 469 2753 si
503 2707 675 2754 ludere
689 2741 704 2765 ,
734 2706 939 2770 Gryphe
951 2740 965 2764 ,
995 2720 1306 2769 perseveras,
2467 2716 2494 2757 5
2559 2709 2571 2714 ’

261 2795 376 2845 Non
406 2793 552 2842 ludis.
621 2796 762 2852 licet,
793 2811 930 2853 ecce,
962 2807 1329 2859 computemus:

262 2885 445 2934 Noster
476 2897 755 2948 purpureus
788 2897 1047 2946 novusque
1081 2883 1268 2939 charta,

263 2975 332 3023 Et
364 2974 496 3022 binis
530 2970 790 3019 decoratus
817 2970 1079 3027 umbilicis,

357 3231 393 3259 v.
419 3229 489 3267 [53.
514 3227 692 3258 umbrone
712 3230 781 3263 vs,
806 3227 907 3255 autea
930 3223 1190 3258 umbrosaeque,
1215 3227 1287 3252 Bo.
1324 3222 1408 3259 DL]
1457 3221 1512 3252 59.
1544 3220 1641 3260 l'ulg.
1669 3227 1749 3250 ΗΔΕ.
1800 3223 1854 3252 60.
1879 3228 1958 3257 noc,
2011 3222 2026 3236 ’
2042 3225 2135 3264 vulg.
2165 3233 2213 3257 AD
2236 3226 2406 3257 pronun.

1618 3275 1659 3333 Q
