2892 3840
1086 454 1656 503 Pinarii-10.
2433 465 2504 499 vn

250 561 343 610 hoc
378 556 604 608 fact-uus
638 559 749 607 sim.
816 558 1017 608 Interea
1050 558 1117 608 de
1153 559 1440 607 conditione
1491 558 1670 606 harum
1710 555 1963 607 Silvarum
2004 556 2077 604 sic
2116 555 2271 603 habe:
2322 555 2506 620 Scripti

252 642 426 678 earum
463 625 677 676 Codices
708 628 955 676 rarissimi
990 635 1120 676 sunt.
1159 627 1286 676 duos
1321 627 1500 676 habuit
1541 625 1803 686 Barthius3
1851 627 1872 690 (
1882 640 2040 674 unum
2079 626 2241 672 literis
2282 625 2505 688 capitali-

247 697 343 746 bus
379 702 646 745 exaratum
659 730 678 754 ,
717 698 801 760 qui
844 697 1040 744 utinam
1085 697 1343 761 exstaret)
1385 703 1566 743 neutro
1603 709 1778 742 eorum
1821 695 1922 742 nisi
1962 694 2227 758 perpaucis
2258 692 2395 740 horis
2428 693 2505 739 uti

249 765 327 813 illi
367 765 526 822 licuit,
558 771 764 829 propter
787 765 1016 812 flammas
1051 766 1305 813 mansioni
1339 765 1446 827 ejus
1480 766 1714 827 injectas;
1751 763 1930 827 quibus
1952 770 2125 810 tamen
2153 762 2352 826 elapsos
2386 761 2502 808 illos

249 834 534 898 suspicatus
580 840 671 879 est.
741 832 912 881 Alium
940 832 1116 881 laudat
1148 832 1323 881 Justns
1357 833 1750 895 Zinzerlingius,
1793 831 2034 880 Promuls.
2075 829 2283 879 Critica:
2330 828 2503 887 alium,

247 900 571 966 Lipsianum‚
628 900 919 949 Bernartius
963 904 1019 949 in
1061 900 1209 951 Notis
1242 903 1458 967 passim:
1504 901 1659 949 alium
1704 900 2000 949 Gebhardus
2044 899 2153 946 Lib.
2203 899 2281 945 111.
2330 896 2502 945 Curar.

247 968 588 1026 Juvenilium3
622 968 860 1016 Senensis
890 984 1014 1018 vero
1045 977 1098 1016 et
1130 969 1346 1017 Medicei
1377 970 1648 1033 Excerptis
1665 970 1900 1017 utebatur
1934 968 2246 1026 Gronovius3
2280 974 2331 1014 et
2364 974 2504 1029 post·

248 1052 336 1095 ea,
370 1050 490 1082 ‘uno
544 1035 753 1082 Joannis
806 1034 1017 1092 Rhodii,
1075 1035 1379 1094 Chartace03
1445 1037 1604 1083 altero
1656 1037 2033 1102 Archiepiscopi
2082 1035 2501 1097 Saltzburgensis,

246 1103 642 1153 Membranaceo.
712 1101 817 1150 Nic.
861 1102 1102 1150 Heinsius
1158 1117 1229 1150 ex
1276 1103 1418 1151 MSS.
1474 1104 1496 1165 (
1505 1118 1608 1149 non
1658 1104 1783 1150 dicit
1835 1105 2045 1169 quibus)
2096 1104 2338 1151 nonnulla
2392 1102 2503 1150 loca

245 1169 495 1220 emendat.
562 1168 647 1216 Fr.
696 1169 984 1232 Tiliobroga
1032 1172 1343 1218 mentionem
1397 1171 1521 1218 facit
1561 1168 1763 1218 Codicis
1810 1172 2052 1218 Puteanei
2066 1206 2080 1228 ,
2136 1172 2342 1220 alterius
2392 1170 2498 1219 Nic.

242 1238 412 1296 Fabri,
445 1239 595 1285 unius
629 1238 682 1285 Ρ.
713 1238 925 1288 Petavii.
994 1237 1170 1287 Facile
1205 1255 1328 1289 vero
1364 1239 1474 1286 fieri
1507 1246 1707 1303 potest,
1761 1246 1819 1286 ut
1847 1240 2039 1302 aliquot
2080 1252 2149 1285 ex
2188 1241 2267 1286 his
2305 1240 2392 1303 qui
2423 1238 2501 1286 di-

242 1309 407 1359 versis
432 1306 723 1362 nominibus
753 1322 786 1354 a
811 1307 938 1356 viris
966 1307 1128 1355 doctis
1157 1309 1495 1373 appellantur,
1524 1308 1628 1354 sint
1654 1321 1785 1355 unus
1814 1315 2012 1355 tantmn
2038 1307 2274 1369 idemque
2300 1307 2498 1364 Codex,

244 1376 446 1424 titulum
491 1390 605 1422 cum
643 1390 936 1438 possessore
977 1385 1194 1425 mutans.
1278 1377 1443 1424 Extat
1484 1383 1659 1423 tamen
1697 1377 1754 1423 in
1800 1375 2111 1424 Bibliotheca
2156 1374 2495 1423 Christianiss.

239 1443 391 1506 Regis
425 1442 620 1490 Galliae
657 1442 837 1491 Codex
860 1446 986 1492 satis
1006 1447 1241 1509 antiquus
1271 1445 1451 1493 harum
1488 1445 1759 1502 Silvarum,
1789 1452 1944 1509 prout
1976 1459 2060 1492 me
2093 1446 2293 1491 monuit
2322 1459 2354 1490 a
2385 1458 2498 1507 per-

244 1511 639 1573 egrinationibus
678 1512 847 1560 redux
889 1512 973 1560 Vir
1018 1513 1405 1562 Eruditissimus
1462 1513 1678 1561 Thomas
1711 1512 1977 1561 Bentleius
2019 1513 2119 1562 LL.
2155 1512 2218 1559 D.
2262 1520 2367 1559 tam
2403 1525 2495 1558 suo

243 1585 394 1644 quam
436 1580 606 1643 patrui
653 1581 860 1627 nomine
898 1581 1027 1629 bene
1057 1583 1167 1645 jam
1227 1591 1378 1630 notus
1434 1590 1486 1629 et
1528 1583 1649 1630 olim
1693 1580 1994 1629 noscendus.
2061 1580 2225 1643 Hujus
2275 1580 2500 1627 collatio-

241 1662 359 1695 nem
401 1661 472 1694 ex
514 1649 706 1710 majore
746 1656 890 1712 parte
924 1651 1035 1712 ipse
1077 1651 1311 1698 Lutetiae
1357 1665 1673 1699 commorans
1716 1650 2033 1709 absolverat3
2082 1650 2175 1698 sed
2216 1648 2495 1698 infortunio

239 1730 356 1762 meo
385 1713 597 1763 schedas
641 1717 831 1764 Romae
864 1717 1156 1781 reliquerat:
1192 1727 1244 1765 et
1272 1720 1470 1779 longius
1504 1726 1820 1782 processerat
1863 1718 2061 1782 prelum
2093 1733 2243 1782 quam
2277 1725 2334 1763 ut
2362 1731 2498 1764 com-

238 1782 392 1831 mode
428 1791 481 1830 et
512 1793 709 1832 mature
745 1783 1041 1844 ᾰντιβολὴν
1073 1787 1279 1835 Parisiis
1307 1801 1511 1851 possem
1548 1802 1825 1834 accersere:
1860 1788 1917 1833 in
1945 1802 2044 1851 quo
2081 1796 2254 1835 tamen
2288 1799 2495 1849 operam

241 1865 385 1899 suam
431 1853 591 1899 amice
634 1861 893 1917 praestare
938 1862 1144 1917 paratus
1185 1863 1296 1902 erat
1343 1856 1426 1904 vir
1475 1855 2003 1903 benevolentissimus.
2071 1856 2126 1904 Si
2170 1869 2295 1904 vero
2346 1853 2493 1915 hujus

240 1918 441 1968 Codicis
476 1920 747 1983 aliqnando
782 1936 988 1984 compos
1019 1922 1179 1981 fuero,
1213 1931 1266 1969 et
1299 1925 1344 1970 si
1379 1924 1509 1969 tanti
1542 1923 1829 1981 videbitur,
1875 1922 2033 1972 Curas
2078 1922 2337 1972 Secundas
2377 1921 2494 1969 huic

241 1989 381 2052 operi
419 2003 523 2035 non
555 1989 748 2053 pigebit
777 1989 1087 2053 impendere.

459 2058 546 2104 Ex
578 2057 656 2104 his
691 2072 815 2106 vero
847 2057 1041 2116 Libris,
1082 2073 1208 2122 quos
1237 2073 1387 2122 supra
1420 2061 1727 2117 memoravi,
1769 2060 1825 2106 in
1867 2059 1989 2107 locis
2037 2058 2399 2107 difficilioribus
2443 2066 2496 2104 et

241 2125 512 2173 manifesto
558 2124 852 2190 depravatis
902 2141 1019 2173 raro
1064 2126 1338 2191 quidquam
1387 2135 1477 2175 aut
1520 2128 1735 2175 multum
1781 2129 1987 2186 auxilii3
2041 2129 2243 2191 saepius
2279 2126 2488 2173 nullum.

242 2191 330 2238 Ex
361 2208 461 2256 qua
490 2195 858 2259 conspiratione
886 2210 1094 2260 possum
1125 2196 1445 2254 concludere,
1481 2204 1571 2244 aut
1604 2196 1792 2245 menda
1826 2197 2056 2245 Statiana
2093 2195 2370 2244 admodum
2402 2210 2491 2244 ve-

243 2265 382 2307 tusta
410 2276 549 2319 esse,
594 2271 683 2310 aut
722 2261 935 2312 Codices
979 2280 1051 2312 ex
1085 2265 1264 2328 quibus
1294 2266 1647 2328 profluxerunt
1686 2274 1930 2330 quotquot
1964 2274 2146 2313 extant
2177 2265 2357 2311 harum
2394 2263 2488 2311 Sil-

240 2338 422 2374 varum
456 2331 798 2392 exemplaria,
845 2347 950 2380 non
996 2334 1153 2381 fuisse
1188 2333 1340 2383 valde
1377 2342 1622 2383 vetustos.
1659 2335 1750 2382 hos
1785 2350 1909 2384 vero
1944 2350 2047 2381 non
2081 2335 2209 2381 adeo
2255 2340 2485 2382 vetustos

243 2394 401 2442 fuisse
434 2394 550 2442 hinc
580 2396 771 2457 colligo,
807 2401 942 2460 quod
974 2402 1243 2465 pleraeque
1287 2401 1676 2467 depravationes
1722 2404 1829 2466 ejus
1869 2405 2066 2465 generis
2105 2410 2238 2460 sunt,
2285 2409 2342 2448 ut
2390 2400 2488 2450 vix

243 2463 488 2527 proficisci
523 2465 783 2527 potuerint
814 2467 915 2511 nisi
956 2482 988 2514 a
1029 2468 1171 2515 libris
1216 2472 1411 2516 minuto
1460 2472 1745 2518 charactere
1811 2487 1902 2519 seu
1946 2471 2107 2518 literis
2138 2467 2487 2530 Lon-gabardi-

247 2530 319 2578 οῖς
354 2533 433 2592 (ut
460 2531 613 2593 vulgo
645 2531 899 2597 dicuntur)
936 2537 1218 2598 conceptis:
1259 2537 1354 2582 hoc
1383 2553 1505 2585 vero
1537 2539 1788 2585 scribendi
1819 2554 1975 2600 genus
2012 2547 2130 2586 ante
2167 2537 2423 2585 saeculum
2456 2550 2487 2582 a

247 2597 449 2648 Christo
492 2607 614 2647 nato
652 2607 886 2648 vemt-um
912 2602 996 2651 vel
1024 2618 1212 2649 nonum
1245 2618 1350 2649 non
1390 2605 1668 2651 obtinuisse
1707 2613 1895 2651 norunt
1929 2606 2127 2652 eruditi.
2195 2606 2283 2651 Ex
2312 2604 2485 2666 hujus-

242 2669 382 2716 modi
411 2667 596 2717 Codice
624 2670 710 2718 vel
737 2668 1005 2718 Codicibus
1032 2673 1331 2735 transcripta
1366 2688 1478 2720 esse
1510 2680 1755 2736 quotquot
1795 2681 1977 2722 extant
2016 2674 2268 2723 Silvarum
2307 2687 2483 2720 exem-

242 2736 403 2799 plaria
447 2737 723 2785 admodum
772 2740 1049 2787 verisimile
1108 2748 1211 2798 est,
1250 2742 1367 2803 quia
1409 2742 1654 2806 plurimae
1690 2758 1842 2791 voces
1880 2744 1937 2789 111
1971 2743 2095 2790 alias
2139 2743 2481 2804 demigrarunt

242 2804 572 2852 similitudine
620 2806 860 2854 ductuum
899 2809 1090 2856 calami.
1134 2809 1209 2856 ita
1249 2809 1371 2857 bibit
1402 2826 1494 2875 pro
1532 2810 1679 2858 tulit.-
1723 2813 1959 2875 quoniam
1992 2811 2170 2859 calami
2209 2811 2388 2858 ductus
2426 2811 2477 2856 in

243 2878 456 2935 utroque
500 2874 744 2921 vocabulo
789 2876 947 2924 iidem
985 2892 1147 2941 paene
1193 2886 1334 2936 sunt,
1377 2881 1421 2926 si
1456 2881 1556 2927 isto
1595 2880 1877 2927 charactere
1907 2881 2171 2940 scribatur3
2205 2881 2366 2940 magis
2405 2878 2481 2924 di-

244 2941 382 2988 versi
422 2941 466 2987 si
503 2940 662 2988 literis
705 2940 992 2993 Uncialibus
1025 2947 1367 3010 concipiantur
1402 2963 1553 2997 voces
1588 2961 1750 3006 ΒιΒιΤ,
1797 2962 1966 2996 TULlT.
2037 2950 2174 2996 ldem
2210 2946 2476 2994 dicendum

246 3005 311 3054 de
348 3007 449 3054 tibi
477 3023 571 3071 pro
611 3007 717 3056 bibe
760 3010 881 3060 silv.
923 3013 992 3071 V,
1029 3017 1076 3061 2.
1147 3014 1229 3062 Sic
1272 3016 1446 3064 turbes·
1478 3033 1569 3081 pro
1608 3017 1807 3079 te'ngas,
1858 3033 1971 3064 cum
2022 3025 2110 3064 tur
2147 3024 2198 3062 et
2224 3015 2301 3060 tin
2337 3013 2477 3062 idem

243 3075 360 3133 sint,
392 3075 420 3122 b
449 3092 572 3125 vero
606 3084 659 3123 et
681 3094 722 3138 g
756 3080 1049 3143 saepissime
1082 3091 1445 3143 pervertantur.
1515 3086 1592 3132 Ita
1629 3091 1804 3132 terrae
1838 3101 1930 3147 pro
1968 3101 2173 3140 cervae,
2210 3098 2324 3130 cum
2363 3089 2391 3129 t
2428 3091 2479 3130 et

240 3158 270 3190 c
309 3145 595 3192 simillimae
636 3146 765 3204 sint,
810 3155 862 3194 et
897 3149 997 3196 nisi
1042 3163 1197 3196 sensu
1229 3152 1326 3197 vix
1371 3151 1772 3213 dignoscendae:
1814 3152 2159 3200 dissimiliores
2204 3152 2476 3216 aliquanto,

238 3212 284 3258 si
321 3214 616 3277 capitalibus
653 3215 856 3274 scribas,
889 3229 1108 3274 Tonans,
1140 3229 1352 3276 'rme-AS,
1394 3232 1614 3277 TERRAE,
1654 3231 1868 3267 cERVAE.
1939 3221 1996 3268 In
2036 3222 2244 3283 singulis
2280 3221 2476 3285 paginis

238 3282 474 3347 exempla
497 3282 702 3346 hujusce
736 3287 932 3347 generis
964 3286 1198 3345 habebis3
1232 3302 1343 3336 cum
1384 3296 1628 3353 perpetuo
1659 3298 1993 3337 commutetur
2022 3309 2055 3337 α
2085 3292 2139 3336 in
2167 3305 2237 3344 πω·
2276 3305 2302 3336 e
2339 3290 2391 3335 in
2423 3288 2471 3340 i,-
