2892 3840
365 414 469 463 212
1216 407 1404 458 Nous
1439 421 1508 456 An
1535 407 1640 456 Lm.
1675 410 1710 456 Ι.
1743 412 1787 457 6.

367 546 492 576 ramus.
537 537 642 579 Hyas
676 548 745 570 non
770 539 887 570 obruit
907 541 1025 567 terras
1052 530 1156 566 tantis
1179 533 1326 571 nimbis,
1366 543 1453 575 qua-

369 586 413 616 lis
457 584 567 615 biems
596 585 728 625 plebem
774 584 928 614 concutit
965 579 1141 620 grandine.
1195 579 1298 611 Nulla
1333 579 1368 610 in
1401 580 1451 610 his

369 630 605 668 constructi03
648 630 743 662 deest
773 628 863 660 enim
894 625 1020 664 aliquid
1051 625 1140 665 quod
1174 625 1381 665 respondeat
1402 623 1451 669 τῷ

371 678 495 708 tantis.
539 677 640 716 Lege,

461 723 574 758 QUAM
593 730 661 760 per
685 727 810 751 cuneos
835 717 943 748 hiems
966 714 1115 748 Latinos

459 768 593 798 Plebem
617 764 779 805 grandine
807 763 964 794 concutit
984 763 1178 794 sedentem-⁰

370 822 440 844 non
462 815 570 844 tantis
602 810 742 850 nimbis,
783 809 883 850 quali
901 807 1077 848 grandine.
1123 804 1231 839 citius
1258 804 1450 837 intellexis-

371 868 426 889 ses
461 859 490 889 si
520 856 660 888 dixisset
693 860 826 896 quanta
857 854 1042 894 grandine:
1088 853 1148 884 sed
1174 851 1284 891 poetis
1306 852 1447 883 solenne

369 904 506 936 nomina
534 903 743 942 quantitatis
776 903 811 932 et
844 900 1025 941 qualitatis
1053 898 1283 939 confundere,
1326 899 1360 928 et
1384 906 1446 937 pro

369 960 405 982 se
429 949 572 980 invicem
594 955 770 986 usurpare.
816 945 980 987 Virgilian
1001 944 1072 979 ciri
1096 954 1128 977 v.
1155 945 1211 976 21.

460 995 529 1025 Sed
549 1003 669 1033 magno
692 995 843 1025 intexem
865 994 918 1032 (si
927 994 997 1037 fas
1029 995 1086 1023 est
1105 988 1231 1029 dicere)
1269 989 1387 1029 peplo,

457 1039 575 1076 Qualis
600 1038 806 1071 Erechtheis
834 1039 915 1070 olim
936 1042 1106 1079 portatur
1131 1035 1290 1075 Athenis,

455 1086 589 1116 Debita
613 1095 689 1116 cum
714 1090 836 1117 castae
861 1085 1047 1117 solvuntur
1068 1089 1151 1115 vota
1176 1082 1380 1113 Minervae.-

364 1129 414 1161 ita
436 1130 633 1171 legendum;
656 1132 758 1171 vulgo
783 1132 962 1173 intexens,
984 1131 1057 1162 sine
1079 1130 1150 1161 ullo
1167 1128 1261 1160 exitu
1280 1128 1339 1158 aut
1357 1129 1449 1158 Gon-

366 1178 563 1209 structione.
600 1180 753 1208 intexem
778 1187 840 1216 pro
862 1180 1094 1217 interissem,
1117 1177 1155 1207 ut
1183 1176 1362 1206 extinoeem
1383 1181 1446 1210 pro

364 1226 601 1255 extimassem
621 1225 706 1255 Aen.
731 1226 788 1264 lV,
814 1226 893 1255 606.
920 1226 1021 1255 via-et
1047 1232 1109 1262 pro
1133 1223 1284 1254 vixisset
1298 1221 1342 1260 11,
1371 1220 1449 1249 118.

367 1270 400 1298 et
423 1270 547 1301 similia
575 1270 709 1309 passim.
757 1269 848 1301 Dicit
870 1269 973 1310 igitur
1000 1268 1183 1309 Virgilius,
1218 1275 1276 1307 se,
1309 1265 1339 1295 si
1370 1272 1450 1303 per-

363 1314 537 1348 mitterent
565 1316 675 1358 vires,
717 1316 885 1347 Messalae
925 1315 1099 1347 historiam
1122 1318 1157 1347 et
1185 1312 1363 1352 praeclara
1395 1311 1449 1340 fa-

364 1364 418 1393 cta
440 1364 528 1394 velle
550 1362 705 1394 intexere
729 1371 805 1394 TAM
839 1370 960 1394 nAcxo
996 1363 1114 1402 peplo,
1163 1366 1327 1396 ausurus
1366 1354 1444 1395 (pro

363 1417 429 1446 quo
462 1409 544 1440 dicit
571 1409 711 1448 ausus)
748 1411 904 1448 portatur
937 1409 1076 1440 Athenis
1110 1407 1147 1438 in
1181 1414 1303 1446 pompa
1337 1405 1447 1435 Pana-

362 1454 532 1486 thena‘ica.

410 1499 475 1543 Ην.
499 1503 556 1531 26.
602 1499 652 1530 Et
674 1506 777 1531 LATIS
797 1501 940 1539 pluvias
967 1502 1120 1531 minetur
1143 1497 1258 1538 agris]
1313 1496 1446 1533 Legen-

363 1545 442 1576 dum
473 1552 600 1577 LAE'rls
628 1546 736 1584 agris:
774 1546 839 1576 nisi
873 1546 962 1576 enim
996 1546 1044 1576 sic
1078 1545 1170 1583 legas
1205 1540 1317 1572 delicit
1343 1549 1446 1579 argu-

362 1592 534 1623 mentatio.
566 1591 688 1631 quippe
719 1592 848 1622 nullum
879 1592 966 1623 forte
999 1590 1247 1622 incommodum
1282 1590 1444 1625 sequetur

362 1638 390 1668 si
421 1638 577 1677 Juppiter
602 1638 750 1669 minetur
770 1637 903 1676 pluvias
929 1639 1013 1669 latis
1045 1637 1156 1677 agris,
1199 1633 1357 1673 quoniam
1379 1633 1448 1663 lati

362 1684 435 1723 agri
461 1687 602 1723 possunt
625 1693 699 1714 esse
725 1686 824 1715 vasti
847 1686 881 1714 et
907 1685 1058 1715 inculti:
1095 1683 1194 1713 aliter
1220 1689 1302 1711 vero
1327 1687 1363 1709 se
1386 1687 1442 1709 res

359 1730 494 1762 habebit
519 1731 547 1761 si
570 1730 702 1770 pluvias
725 1730 871 1761 minetur
894 1731 984 1769 agris
1007 1730 1122 1769 laetis,
1150 1729 1170 1758 i.
1193 1736 1222 1757 e.
1242 1726 1443 1769 foecundis,

354 1778 555 1819 feracibus.
602 1777 732 1807 Nonius
760 1776 964 1807 Marcellus:
989 1783 1152 1815 LAE'runi,
1181 1775 1309 1815 ferax.
1347 1771 1444 1812 Virg-

364 1822 488 1863 Georg.
513 1826 540 1857 1,
566 1824 710 1854 Lamus
735 1830 842 1853 Aona.
868 1821 970 1853 Silius
995 1821 1133 1852 Italicus
1160 1821 1216 1859 IV,
1243 1819 1298 1850 39.

452 1869 523 1900 Sed
544 1867 676 1908 Libyae
701 1870 824 1899 ductor
848 1872 922 1898 tuto
940 1869 1046 1910 fovet
1067 1867 1208 1907 agmina
1229 1863 1323 1895 vallo

448 1914 565 1945 Fessa
585 1916 753 1955 gradum,
793 1914 964 1953 multoque
983 1914 1060 1954 gelu
1086 1912 1264 1951 torpentia
1291 1915 1441 1939 nervos:

451 1960 662 2001 solandique
685 1969 813 2002 genus,
832 1961 941 1990 laetos
965 1963 1121 1991 ostentat
1142 1959 1190 1989 ad
1218 1956 1344 1986 Urbem

449 2006 520 2036 Per
547 2016 681 2045 campos
710 2015 893 2046 superesse
920 2007 1022 2037 viam.
1395 2042 1404 2050 θ

357 2050 409 2080 lfa
431 2050 529 2091 lego:
573 2054 694 2093 vulgo,
727 2049 833 2084 'laetis
858 2053 1026 2090 ostentat3
1061 2049 1167 2080 male:
1201 2047 1324 2078 milites
1349 2053 1439 2075 enim

355 2097 554 2131 Hannibalis
589 2109 630 2130 eo
662 2103 814 2137 tempore
840 2108 910 2129 non
933 2100 1021 2130 laeti
1043 2099 1161 2136 erant,
1203 2094 1263 2125 sed
1281 2093 1380 2136 fessi
1405 2091 1439 2120 et:

353 2144 433 2182 gela
463 2150 649 2185 torpentes.
694 2145 798 2176 Recte
820 2145 924 2185 igitur
950 2146 1060 2177 laetos
1086 2150 1243 2181 campos3
1286 2142 1325 2170 ut
1348 2136 1438 2176 apud

355 2189 494 2221 Festum
516 2191 682 2223 Avienum
705 2192 823 2222 Descr.
849 2192 929 2224 Orb.
955 2199 987 2221 v.
1013 2191 1091 2220 998.

443 2244 569 2268 LAETIS
589 2239 787 2278 adsurgunt
805 2239 968 2279 gramina
988 2234 1126 2274 campis.

353 2281 491 2314 Ovidius
513 2285 604 2315 Fast.
627 2286 655 2325 Ι,
682 2284 760 2324 546,

847 2333 1026 2370 vagantur

442 2375 684 2406 Incustoditae
709 2382 827 2406 LAETA
845 2385 913 2415 per
934 2384 1016 2406 arva
1042 2375 1168 2405 boves.-

354 2418 411 2449 ubi
442 2422 516 2460 pari
547 2431 664 2452 errore
697 2421 857 2460 scriptum
883 2423 956 2452 erat
981 2429 1087 2451 LATA.
1134 2419 1218 2451 Vide
1243 2418 1430 2450 Heinsium.

352 2467 517 2498 Morellus
540 2468 641 2499 etiam
663 2468 726 2499 hoc
749 2469 823 2499 loco
844 2468 928 2507 legit
951 2475 1078 2498 muris
1099 2469 1210 2508 agris.

396 2520 428 2541 V·
467 2516 520 2546 33.
567 2515 632 2545 Illi
658 2514 806 2546 marcida
834 2516 919 2545 vina
944 2514 1228 2552 subministrant]
1276 2512 1328 2542 Ita
1349 2520 1432 2542 con-

354 2559 482 2590 stanter
510 2560 705 2592 Editiones:
742 2561 873 2591 mallem
899 2563 1012 2591 tamen
1042 2560 1229 2591 Massica:
1256 2557 1323 2588 nisi
1348 2567 1432 2596 con.-

351 2603 459 2642 fugias
515 2607 558 2636 ad
600 2607 752 2637 Gevartii
788 2608 1031 2647 IIypallagen,
1086 2609 1124 2636 ut
1158 2605 1316 2635 marcida
1349 2603 1432 2636 vina

350 2649 418 2679 sint
441 2661 526 2690 quae
551 2652 701 2683 homines
724 2659 921 2683 marcentes
946 2652 1103 2683 reddunt.
1151 2651 1332 2681 Marcidus
1358 2649 1433 2687 qui-.-

350 2695 426 2726 dem
467 2697 590 2728 dicitur
627 2699 796 2730 Bacchus
827 2698 986 2729 Thebaid.
1025 2700 1080 2728 lV.
1105 2696 1163 2727 sed
1193 2696 1239 2726 ibi
1262 2695 1430 2726 Bacchus

348 2744 400 2771 est
429 2740 657 2786 πρωτότυπον
688 2754 757 2775 non
792 2746 919 2776 vinum.
953 2753 1032 2775 nam
1064 2743 1101 2773 in
1135 2743 1243 2773 altero
1274 2742 1430 2780 exemplo

349 2788 438 2826 quod
463 2797 508 2820 ex
529 2789 609 2820 Silv.
639 2792 694 2831 IV,
720 2793 752 2821 6.

564 2840 658 2868 tenet
682 2837 770 2868 haec
799 2834 985 2866 marcentia
1001 2835 1143 2877 fratris

434 2880 581 2921 Pocula,

347 2925 482 2957 adducit
507 2926 703 2967 Gevartius,
727 2929 924 2958 marcentia
950 2925 1072 2965 pocula
1094 2923 1208 2956 fratris
1233 2926 1311 2956 sunt
1328 2936 1432 2966 pocu-

346 2970 379 3000 la
401 2975 588 3005 marcentis
611 2974 723 3005 fratris
747 2983 807 3004 seu
831 2971 987 3013 Bacchi,
1010 2972 1066 3010 qui
1093 2972 1270 3003 marcidus
1296 2973 1430 3005 dicitur.

350 3016 508 3049 Marsica
540 3020 619 3051 vina
655 3020 861 3052 Columellae
892 3019 977 3058 XII,
1009 3020 1062 3049 10.
1087 3018 1198 3048 minus
1229 3021 1312 3050 nota
1333 3022 1423 3051 sunt.

348 3061 424 3091 mihi
450 3065 555 3096 adhuc
577 3066 704 3098 arridet
730 3066 900 3098 Massica.
944 3064 1067 3105 Atqui,
1101 3064 1215 3104 dices,
1239 3065 1329 3096 unde
1349 3068 1424 3097 tan-

348 3108 382 3136 ta
418 3108 488 3139 vini
523 3111 674 3143 Massici
697 3113 793 3151 copia
814 3115 852 3143 ut
876 3111 971 3142 tanto
999 3111 1110 3141 coetui
1132 3112 1323 3142 sufficeret?
1366 3122 1422 3143 re-

349 3154 497 3190 spondeo
521 3157 632 3187 verbis
656 3159 753 3188 Plinii
779 3160 855 3189 Nat.
883 3157 965 3188 Hist.
993 3157 1084 3197 XIV,
1118 3160 1170 3189 15.
1210 3156 1330 3196 Quid?
1354 3169 1423 3190 non

348 3202 384 3228 et
397 3199 528 3230 Caesar
548 3202 710 3233 Dictator
733 3203 897 3243 triumplu·
919 3205 978 3233 sui
999 3213 1084 3234 cena
1110 3206 1184 3235 vini
1193 3204 1329 3235 Falerni
1347 3216 1422 3236 am-

341 3243 487 3286 phoras,
500 3245 571 3277 chii
593 3250 695 3279 cados
717 3251 752 3279 in
773 3252 935 3281 convivas
956 3248 1160 3282 distribuit?
1185 3249 1260 3281 vide
1280 3250 1421 3290 reliqua.

2376 430 2600 480 971972

1567 544 1599 565 v.
1623 534 1681 565 42.
1741 534 1814 565 Nec
1837 542 1987 567 Tannum
2011 545 2107 578 seges
2131 540 2328 579 occupabat
2348 542 2494 579 annum]
2518 539 2603 570 Nul-

1521 580 1574 611 lus
1597 580 1632 611 in
1658 579 1708 610 his
1731 589 1867 612 sensus:
1901 582 1988 613 Vina
2012 591 2082 613 non
2109 583 2194 615 adeo
2216 585 2322 617 libere
2346 590 2427 618 tunc
2455 587 2603 616 fluebant

1521 636 1584 658 nec
1618 634 1715 665 seges
1742 629 1930 666 occupabat
1956 635 2109 659 TAnnun
2132 638 2276 662 annum:
2316 631 2418 663 immo
2439 639 2601 671 TANTUM,

1521 673 1545 706 i,
1570 681 1599 703 e.
1626 677 1698 703 tam
1721 682 1892 713 magnum.
1948 674 2100 716 Magnus
2128 678 2163 706 et
2183 676 2304 707 Bonus
2331 687 2445 709 annus
2463 687 2484 708 a
2507 681 2602 709 vete-

1519 718 1613 750 ribus
1636 718 1831 760 dicebatur,
1857 720 1990 759 quando
2011 722 2126 760 largus
2150 723 2225 752 erat
2245 722 2377 761 frugum
2398 726 2599 762 proventus:

1519 766 1644 796 Noster
1668 765 1769 795 Theb.
1794 766 1855 806 lX,
1878 766 1960 797 404.

1609 810 1658 840 At
1682 815 1789 849 pater
1812 822 1947 843 arcano
1973 813 2127 843 residens
2153 813 2308 843 Ismenos
2333 815 2372 844 in
2400 818 2504 845 antro
2534 848 2539 850 s

1613 856 1710 887 Unde
1741 866 1853 889 aurae
1885 860 2060 899 nubesque
2083 859 2202 890 bibunt
2227 864 2331 900 atque
2353 859 2513 902 imbmfer
2539 869 2601 890 ar-

1739 911 1801 934 cus

1607 946 1798 986 Pascitur,
1845 954 1881 980 et
1915 949 2039 989 Tyrios
2071 949 2193 982 melior
2222 952 2319 981 venit
2350 958 2459 981 annus
2488 951 2524 980 in
2559 959 2600 980 a·

1759 1004 1827 1026 ros.

1517 1038 1676 1071 Suaviter
1699 1006 1791 1071 [dim
1815 1042 1871 1081 IV,
1903 1042 1980 1073 705.

1611 1084 1673 1116 Sic
1697 1088 1757 1118 ubi
1777 1096 1813 1118 se
1841 1089 1977 1128 magnis
2001 1085 2135 1127 refluus
2161 1088 2360 1127 suppressit
2389 1089 2428 1118 in
2457 1087 2574 1118 centris

1610 1131 1732 1174 Nilus,
1758 1138 1794 1163 et
1815 1132 1913 1163 ane
1936 1134 2105 1174 liquentia
2122 1132 2259 1173 pabula
2281 1135 2423 1165 brumae

1612 1177 1681 1208 Ore
1703 1181 1852 1218 premit,
1867 1181 2020 1222 fumant
2042 1180 2203 1211 desertae
2225 1182 2362 1221 gurgite
2384 1178 2510 1216 valles,

1609 1223 1661 1254 Et
1677 1228 1798 1263 patris
1825 1227 1949 1256 undosi
1969 1227 2104 1257 sonitus
2127 1231 2294 1265 expectat
2313 1226 2434 1256 hiulca

1609 1269 1782 1310 Aegyptos
1794 1280 1810 1310 ,⁹
1833 1272 1939 1302 donec
1960 1271 2102 1303 Phariis
2127 1273 2296 1303 alimenta
2318 1276 2462 1313 rogatus

1611 1315 1730 1347 Donet
1751 1319 1866 1358 agris,
1890 1325 2104 1358 MAGNUluque
2122 1319 2270 1349 inducat
2283 1319 2450 1350 mes-sibus
2466 1320 2598 1346 Auxou-

1513 1363 1671 1393 Lucanus
1695 1365 1756 1404 111,
1785 1365 1839 1394 70.

1604 1408 1743 1448 Effusis
1770 1416 1918 1440 mmmm
1945 1407 2053 1449 Libye
2075 1409 2155 1440 tulit
2185 1410 2349 1441 imbribus
2376 1414 2509 1438 asson.

1512 1453 1590 1484 vide
1614 1463 1717 1493 supra
1740 1455 1783 1486 ad
1802 1456 1919 1494 Eclog.
1933 1456 1964 1487 3.
1976 1463 2008 1486 v.
2024 1458 2056 1489 8.
2087 1455 2142 1487 Sic
2165 1463 2283 1487 MAJOR
2304 1459 2492 1486 autumnus
2509 1453 2603 1483 Mar-

1512 1500 1582 1531 tial.
1609 1501 1725 1540 Epigr.
1749 1502 1826 1541 Xll,
1854 1503 1910 1533 57.

1604 1547 1678 1577 Nec
1700 1550 1737 1578 in
1761 1547 1915 1578 Falerno
1943 1547 2028 1577 colle
2050 1546 2159 1584 major
2183 1548 2386 1577 autumnus:

1506 1592 1654 1634 felicior
1678 1602 1786 1623 annus
1813 1592 1990 1633 provenit,
2018 1592 2116 1623 ovid.
2140 1593 2231 1624 Fast.
2256 1594 2314 1632 iv,
2342 1593 2421 1623 671.
2468 1590 2596 1620 Sensus

1513 1641 1585 1677 est,
1631 1640 1658 1669 Ο
1691 1641 1867 1680 Vetustas,
1916 1647 2074 1676 compara
2104 1640 2218 1670 secula
2241 1638 2378 1676 antiqua
2400 1638 2435 1667 et
2457 1641 2597 1666 aureum

1513 1686 1644 1723 tempus
1679 1695 1754 1716 cum
1785 1686 1849 1717 hoc
1884 1688 2021 1722 nostro3
2062 1694 2131 1715 non
2164 1685 2327 1723 majorem
2363 1682 2433 1715 vini
2463 1679 2596 1720 copiam

1513 1732 1570 1761 aut
1595 1731 1759 1769 largiores
1781 1733 1914 1771 frugum
1938 1733 2121 1770 proventus
2145 1730 2308 1762 invenies.

1559 1777 1608 1815 [v.
1626 1778 1682 1809 43.
1734 1778 1815 1809 Una
1847 1785 2022 1809 vsscrrun
2055 1779 2162 1809 omnis
2195 1778 2278 1808 ordo
2300 1785 2430 1807 mensa.
2476 1772 2596 1805 venet.

1511 1829 1712 1854 iuscnnun:
1753 1825 1842 1855 unde
1867 1823 2041 1854 conficitur
2065 1823 2253 1854 certissima
2276 1821 2486 1860 emendatio,
2511 1825 2595 1850 ves-

1511 1875 1633 1899 cnuun.
1664 1873 1775 1902 omnis
1811 1871 1893 1901 ordo
1935 1876 2137 1910 vuscimmz,
2179 1872 2218 1900 ut
2248 1871 2348 1900 Herc.
2381 1869 2536 1900 Suri-ent.
2561 1872 2593 1895 v.

1514 1916 1569 1945 85.
1604 1914 1673 1945 buc
1709 1918 1819 1948 omnis
1844 1916 1951 1947 turba
1977 1921 2117 1946 comus.
2165 1916 2332 1954 Exempla
2353 1913 2487 1952 ubique.
2535 1911 2593 1942 Ex

1510 1962 1623 2000 Ana]

1556 2016 1588 2037 v.
1613 2007 1671 2038 46.
1854 2009 1935 2047 quis
1968 2013 2038 2037 nuc
2064 2008 2221 2046 vocsnn]
2267 2005 2420 2045 Scaliger
2450 2012 2495 2035 ex
2519 2002 2592 2034 MS.

1510 2052 1653 2084 Senensi
1682 2051 1764 2092 legit
1789 2054 1869 2093 quis
1890 2060 1961 2083 noc
1978 2060 2143 2085 ROGARE:
2182 2054 2285 2084 recte.
2306 2055 2340 2083 et
2358 2051 2463 2083 Editt.
2491 2050 2592 2088 [Veri.

1507 2099 1566 2129 Ex
1586 2101 1694 2138 Anu]
1721 2101 1831 2130 Parm-
1860 2101 1895 2130 et
1919 2100 2012 2130 Rom.
2037 2100 2188 2131 retinent
2217 2107 2298 2130 noc.
2324 2107 2405 2131 mox
2431 2106 2491 2136 pro
2511 2104 2593 2136 pos-

1509 2148 1562 2176 sit
1583 2145 1763 2185 legendum
1784 2150 1923 2186 posset,
1958 2154 2003 2175 ex
2027 2155 2130 2178 sensu
2154 2149 2189 2178 et
2215 2145 2358 2185 Virgilio
2380 2144 2451 2184 IX,
2488 2146 2520 2177 6.
2545 2150 2591 2173 ex

1507 2201 1574 2230 quo
1600 2192 1665 2223 hoc
1689 2191 1923 2223 adumbratum
1951 2193 2021 2223 est:

1600 2238 1733 2278 Turne,
1760 2239 1852 2279 quod
1875 2239 2017 2278 optanti
2038 2237 2164 2269 Divum
2184 2236 2385 2278 promittere
2403 2245 2500 2268 nemo

1593 2285 1762 2315 Auderet:

1504 2329 1648 2362 auderet
1679 2329 1900 2369 promittere;
1945 2339 2028 2371 ergo
2054 2334 2179 2370 posset
2213 2327 2423 2368 promittere.
2478 2325 2586 2356 Voces

1501 2383 1629 2416 rogare
1663 2380 1698 2408 et
1723 2386 1870 2417 vocare,
1913 2377 1986 2415 pari
2011 2385 2076 2415 quo
2099 2375 2153 2407 hic
2177 2375 2297 2412 modo,
2341 2372 2587 2405 commutantur

1502 2422 1588 2461 apud
1616 2423 1769 2454 Ovidium
1792 2422 1932 2454 Heroid.
1958 2423 2038 2463 XX,
2072 2422 2149 2453 193.

1546 2476 1580 2498 v.
1619 2471 1674 2500 51.
1729 2471 1801 2501 Hos
1835 2468 1925 2500 inter
1958 2467 2111 2500 fremitus
2142 2468 2224 2506 ete]
2250 2463 2383 2504 Lipsius
2414 2461 2586 2494 Saturnal.

1501 2513 1608 2545 Serm.
1636 2517 1678 2555 ll,
1704 2515 1737 2546 4.
1762 2516 1851 2545 hunc
1875 2516 1986 2546 locum
2014 2514 2122 2544 citans
2148 2511 2271 2544 omittit
2303 2519 2437 2542 versum
2466 2507 2583 2548 proxi-

1500 2568 1554 2590 me
1581 2563 1799 2602 sequentem,
1841 2561 2038 2600 Spectandi
2057 2559 2146 2590 Ievis
2170 2558 2296 2599 effugit
2318 2557 2506 2595 voluptas.-
2545 2564 2585 2584 u·-

1501 2607 1591 2637 trum
1625 2616 1669 2637 ex
1702 2607 1753 2637 sui
1788 2606 1914 2638 codicis
1943 2605 2168 2645 auctoritate,
2210 2613 2254 2635 an
2287 2604 2365 2642 quia
2389 2611 2458 2633 non
2482 2601 2585 2632 intel..-

1499 2651 1605 2689 lexit‚
1631 2657 1633 2659 '
1660 2653 1787 2684 nescio.
1842 2652 2013 2683 Posterius
2060 2660 2179 2682 verum
2224 2650 2420 2689 crederem,
2474 2647 2503 2678 si
2541 2647 2584 2678 de

1499 2697 1629 2736 meipso
1652 2698 1817 2738 judicium
1839 2699 1952 2730 facere
1975 2697 2103 2729 liceret.
2121 2695 2199 2727 inihi
2224 2695 2314 2726 enim
2338 2693 2585 2734 ineptissimum

1500 2743 1635 2774 videtur
1669 2745 1732 2776 hoc
1767 2745 1863 2783 loco3
1901 2746 2017 2784 utpote
2051 2743 2282 2775 narrationem
2308 2742 2583 2780 interrumpens;

1501 2790 1590 2828 quod
1612 2790 1710 2822 facile
1737 2788 1919 2830 perspicies
1944 2790 1973 2822 si
2000 2799 2076 2821 eum
2100 2789 2245 2821 omittas.
2294 2788 2404 2819 Credo
2427 2797 2502 2819 eum
2527 2787 2584 2818 vel

1499 2844 1569 2866 non
1602 2845 1676 2867 esse
1716 2837 1923 2877 statianum,
1963 2837 2020 2867 vel
2051 2838 2143 2868 certe
2166 2845 2235 2867 non
2259 2835 2358 2874 hujus
2381 2834 2459 2865 loci.
2504 2835 2580 2866 Non

1500 2890 1585 2921 opus
1624 2884 1676 2913 est
1708 2885 1745 2914 ut
1781 2892 1857 2914 cum
1890 2883 2009 2915 eodem
2044 2882 2157 2922 Lipsio
2191 2883 2342 2922 legamus
2380 2881 2480 2912 lusus
2517 2888 2579 2920 pro

1500 2929 1607 2959 luxus
1618 2950 1630 2966 ‚
1653 2938 1726 2959 cum
1753 2929 1794 2961 de
1821 2929 1981 2961 convivio
2002 2927 2189 2961 Domitiani
2217 2928 2300 2959 haec
2324 2935 2394 2958 vox
2417 2928 2503 2957 hene
2526 2924 2580 2957 in-

1500 2974 1609 3014 telligi
1635 2975 1751 3014 possit.

1539 3019 1568 3063 y
1572 3030 1602 3051 v.
1633 3023 1690 3053 58.
1752 3021 1846 3060 Quos
1884 3025 2019 3052 natura
2049 3018 2145 3051 brevi
2178 3017 2290 3049 statim
2325 3017 2462 3056 peracto
2493 3017 2576 3056 etc-1

1493 3067 1685 3098 Gronovius
1711 3066 1814 3109 legit,
1840 3068 1935 3106 Quos
1958 3071 2094 3098 natura
2117 3071 2245 3096 BREVIS
2269 3065 2390 3094 statim
2410 3063 2576 3101 peractos.

1491 3113 1638 3145 Natura
1673 3115 1807 3155 brevis,
1850 3113 1957 3153 inquit
1985 3113 2067 3149 ille,
2110 3112 2161 3142 est
2182 3109 2279 3140 haud
2300 3109 2438 3149 longius
2462 3107 2578 3139 indul-

1488 3169 1595 3201 gens,
1642 3170 1710 3192 non
1752 3160 1866 3201 larga.
1922 3160 1967 3190 Et
1995 3158 2128 3198 quidem
2160 3155 2264 3186 Editt.
2287 3154 2398 3184 Parin.
2424 3155 2459 3184 et
2482 3155 2576 3185 Rom.

1490 3206 1615 3237 habent
1637 3208 1760 3237 natura
1781 3207 1894 3236 brevis
1924 3207 2065 3241 statim,
2102 3204 2136 3233 et
2152 3204 2304 3241 peracta
2327 3209 2397 3230 non
2415 3205 2579 3239 peracto.

1490 3252 1570 3295 Sed,
1593 3251 1622 3283 si
1647 3254 1787 3285 sss-rm
1808 3256 2005 3295 peractos,
2043 3256 2149 3290 qnare
2171 3249 2290 3280 Sena
2315 3243 2470 3287 ligavit?
2516 3246 2579 3278 ho-

2886 1835 2889 1842 N

2885 1931 2887 1939 ι

2880 2167 2889 2180 η’-

2882 2205 2886 2218 ,-

2874 2262 2890 2280 εἴ

2871 2395 2880 2416 2²
2887 2415 2889 2418 .

2864 2697 2892 2743 s

2866 2742 2874 2759 ἦ
