2892 3840
279 448 399 499 5¹³1
428 444 555 495 5132

282 565 436 588 xmae.-
457 553 505 584 its
530 553 620 586 euim
641 554 676 586 iu
697 556 852 588 Surrent.
895 553 995 586 Pollii
1020 554 1183 594 affirmat,
1206 563 1239 585 ν.
1264 556 1295 586 1.

371 600 441 631 Est
468 608 583 633 iss-an.
607 606 706 632 notos
729 602 887 632 Sirenum
910 600 1047 632 nomine
1069 607 1193 631 annos

371 649 543 682 Sanane
578 647 781 686 Iyrrhenae
809 653 962 679 Taurus
991 651 1139 677 onerata
1166 644 1360 685 Minervae,

375 693 479 723 Celsa
504 692 697 724 Dicat-chen·
715 693 939 732 speculatrix
963 699 1068 722 vlu-a
1089 691 1270 734 profundo·-

284 738 376 768 ,ιιι-ί
405 738 461 769 isti
494 737 568 769 noti
597 739 757 769 Sirenum
782 740 916 769 maine
937 737 1022 768 nulli
1042 737 1100 768 alii
1121 745 1197 767 esse
1218 738 1361 775 possunt

283 786 420 822 praeter
444 784 670 815 Surrentum:
718 785 809 815 unde
836 783 1050 823 redarguitur
1073 783 1258 818 morellus,
1303 779 1360 819 qui

283 834 387 868 negat
420 829 626 861 Surrentum
649 839 670 860 a
697 830 881 861 sirenibus
904 829 971 862 dici
998 838 1117 869 posse,
1153 828 1232 868 quia
1253 828 1359 857 Grae-

283 874 332 905 cis
362 871 558 919 Σύῤῥεντοιι
590 878 624 906 et
656 873 811 920 Σύραιον
832 885 894 915 per
915 889 937 909 υ
957 884 1027 906 non
1048 884 1110 914 per
1134 887 1164 908 ει
1188 873 1358 905 scribitur.

284 921 490 952 contrarium
520 922 621 960 plane
644 922 786 952 affirmat
808 921 873 952 boe
891 922 969 952 loto
994 921 1131 953 Statius.
1153 920 1223 952 utri
1247 917 1356 950 eredi-

282 966 346 1007 tis,
385 966 557 1003 Quirites?
590 966 665 998 Nisi
690 976 752 1005 per
773 972 872 998 notos
899 968 1059 999 sirenum
1080 969 1214 998 nomine
1236 970 1357 996 nenos

281 1012 536 1052 intelligendum
561 1012 606 1044 sit
620 1014 751 1054 fanum
783 1013 966 1044 Sirenum.-
989 1013 1079 1050 quod
1104 1013 1139 1042 in
1163 1012 1235 1042 istis
1262 1018 1358 1041 mon-

281 1058 372 1089 tibus
397 1059 543 1098 positum
576 1067 652 1089 esse
686 1062 805 1089 narrat
825 1060 948 1090 Strabo
971 1058 1031 1089 lib.
1053 1060 1081 1088 1.
1109 1068 1141 1096 p.
1174 1061 1226 1090 15.
1275 1058 1358 1086 Por-

283 1113 343 1135 ro:
382 1114 427 1136 ex
458 1104 512 1134 bis
545 1104 643 1136 Statii
674 1105 759 1135 locis
789 1107 882 1142 patet
913 1109 1043 1134 montes
1069 1103 1296 1133 Surrentinus
1322 1102 1357 1131 et

284 1150 490 1181 Sa'rem'anos
522 1150 657 1182 eosdem
691 1158 786 1179 esse:
832 1149 956 1188 quippe
989 1149 1106 1188 Eelog.
1129 1149 1174 1179 ad
1198 1150 1358 1185 Uxorem,

282 1196 403 1226 Villam
422 1194 522 1227 Pollii
541 1196 577 1226 in
598 1195 695 1235 jugis
720 1195 940 1225 Surrentini:
962 1194 1076 1231 loeat3
1106 1194 1160 1225 hic
1183 1202 1285 1232 vero,
1323 1191 1359 1221 in

282 1242 427 1280 rupibus
447 1242 541 1271 notis
568 1241 728 1271 Sirenum
752 1242 911 1271 nomine.-
946 1242 986 1270 ut
1006 1249 1145 1270 necesse
1170 1238 1215 1270 sit
1241 1238 1359 1270 eadem

282 1295 357 1317 esse
376 1286 468 1327 Juga
491 1285 709 1317 Surrentina
727 1287 763 1316 et
783 1295 888 1326 rupes
912 1291 1014 1317 notas
1034 1286 1193 1317 Sirenum
1213 1285 1358 1316 nomine.

280 1331 460 1373 nimirum,
502 1330 700 1363 dicebantur
732 1331 870 1363 Sirenes
904 1332 1053 1362 tenuisse
1084 1331 1242 1370 scopulos
1269 1329 1359 1360 cirea

280 1379 481 1410 Surrentum
514 1382 549 1409 et
576 1377 848 1409 Promontorium
878 1377 1075 1409 Minervae:
1116 1377 1205 1407 unde
1228 1375 1358 1407 utrovis

280 1425 419 1455 nomine
451 1427 546 1455 reete
570 1424 638 1455 dici
662 1426 818 1465 possent,
854 1423 927 1454 sive
957 1424 1182 1454 Sur-reatinos
1205 1422 1278 1452 sire
1302 1422 1359 1451 Sa·-

281 1471 446 1501 renianos
479 1470 607 1500 malles.
644 1470 773 1500 Plinius
809 1470 851 1499 N.
889 1470 931 1499 Η.
967 1471 1035 1509 111,
1072 1470 1103 1498 5.
1152 1469 1359 1499 Surrentum

282 1525 361 1546 eust
379 1518 613 1555 promontorio
638 1515 843 1551 Minervae,
881 1514 1040 1545 Sirenum
1063 1515 1232 1554 pandam
1255 1514 1335 1543 sede
1342 1521 1359 1550 ,-

281 1562 340 1591 vel
373 1565 412 1592 ut
442 1560 501 1590 alii
535 1561 675 1600 legunt,
717 1561 829 1591 sedes.
873 1560 1059 1590 Frontinus
1079 1559 1165 1589 libro
1192 1559 1234 1588 de
1261 1558 1362 1588 Golo-

281 1606 366 1636 niis:
405 1606 611 1636 Surrentum
634 1607 815 1645 oppidum.-
848 1614 935 1645 ager
959 1605 1036 1643 ejus
1060 1614 1107 1634 ex·
1132 1606 1359 1643 occupatione

281 1653 464 1683 tenebatur
489 1661 514 1681 a
534 1652 681 1691 Graecis
697 1651 738 1681 ob
759 1652 1051 1681 consecrationem
1074 1649 1168 1680 Mine
1188 1660 1277 1680 vae.-
1299 1651 1361 1680 sed

281 1702 319 1728 et
350 1700 447 1729 eirea
485 1699 617 1729 montes
649 1696 845 1728 Sireuianos
879 1697 1042 1727 militibus
1061 1705 1130 1735 pro
1154 1701 1259 1735 parte
1284 1694 1358 1725 Au-

277 1746 441 1784 gustant:
464 1747 519 1773 est
538 1745 766 1783 assignatus:
792 1743 841 1773 ita
862 1742 1063 1782 legendum,
1086 1751 1157 1772 non
1182 1742 1357 1772 limitibus.

279 1789 343 1820 nis
371 1789 422 1820 ita
453 1789 665 1830 constitutis,
702 1789 771 1827 jam
806 1788 979 1819 videamus
1013 1788 1093 1826 quid
1123 1787 1165 1817 de
1187 1788 1252 1819 hoe
1278 1788 1357 1818 loeo

279 1835 411 1866 adferat
442 1835 640 1867 Salmasius.
685 1835 929 1875 „Surrentini
949 1839 1080 1864 montes
1105 1833 1230 1864 diversi
1257 1842 1277 1862 a
1303 1833 1360 1863 Si-

279 1883 492 1921 „reniam‘ss
535 1890 619 1920 quos
638 1881 727 1911 male
748 1880 882 1918 quidam
907 1880 1139 1919 confundunt,
1178 1888 1243 1910 nee
1265 1878 1360 1916 quic-

282 1948 307 1968 ‚,
317 1937 415 1966 quam
447 1935 506 1957 eos
541 1924 669 1965 juverit
693 1926 785 1957 Mela
812 1926 868 1956 vel
888 1925 1030 1956 Plinius.
1040 1925 1064 1944 ‘¹
1108 1925 1208 1962 Atqui
1231 1923 1359 1955 Statius

277 1973 429 2011 juvabit:
467 1972 526 2002 ille
557 1972 646 2003 enim
681 1972 817 2003 eosdem
843 1970 941 2011 facit,
977 1975 1015 2002 ut
1041 1970 1143 2009 plane
1165 1970 1359 2002 docuimus:

282 2020 318 2049 et
337 2018 436 2050 valde
460 2018 666 2058 suffragatur
688 2017 836 2054 Plinius3
883 2017 1000 2047 saltem
1024 2016 1188 2047 salmasio
1210 2017 1360 2055 refraga-

282 2067 347 2096 tur.
399 2064 533 2104 Pergit:
578 2064 815 2105 „Surrentini
844 2068 976 2093 montes
1014 2062 1105 2093 circa
1140 2064 1359 2094 Surrentum:

281 2114 354 2151 „at
386 2110 570 2141 Sit-eniam·
602 2111 738 2150 scopuli
765 2110 839 2139 sive
864 2116 994 2140 montes
1022 2111 1091 2138 tres
1115 2118 1239 2147 parvae
1264 2108 1360 2138 insu-

287 2157 372 2197 „lae
398 2156 574 2196 desertae,
610 2152 811 2200 πετρώδεις,
848 2164 934 2193 quae
961 2158 996 2186 et
1016 2153 1246 2195 Σειρηνοῦσαι
1270 2154 1362 2184 diee-

283 2204 437 2244 „bantur
446 2223 458 2239 ,
481 2202 523 2232 de
549 2201 669 2240 quibus
691 2202 811 2233 Strabo
835 2201 892 2231 lib.
918 2200 973 2230 l.“
1020 2202 1125 2230 Immo
1149 2202 1183 2230 et
1205 2200 1363 2230 Sireaia-

282 2251 322 2280 ni
343 2253 471 2279 montes
493 2250 591 2278 erant
616 2247 707 2278 circa
732 2248 951 2286 Surrentum,
974 2248 1012 2276 ut
1034 2255 1079 2276 ex
1105 2245 1262 2278 Frontini
1282 2246 1360 2277 loco

283 2303 385 2333 supra
415 2295 560 2325 adducto
593 2294 684 2324 clare
713 2294 823 2332 patet:
870 2295 987 2328 narrat
1019 2292 1108 2322 enim
1131 2302 1252 2333 agrum
1277 2293 1360 2322 Sur-

283 2343 458 2372 reatinum
486 2340 542 2378 qui
573 2340 707 2378 jacebat
741 2338 832 2370 eirea
853 2343 983 2369 montes
1011 2338 1215 2369 Sirenianos
1243 2337 1360 2368 militi-

282 2387 345 2418 bus
371 2385 576 2425 Augustanis
601 2395 662 2424 pro
687 2388 783 2424 parte
808 2385 1013 2424 assignatum
1032 2384 1159 2415 fuisse:
1201 2386 1235 2414 et
1258 2385 1358 2422 plane

282 2432 384 2464 docet
416 2434 539 2464 Strabo
579 2432 635 2462 lib.
669 2432 696 2461 1.
727 2441 759 2470 p.
796 2433 849 2462 15.
884 2430 913 2460 si
945 2429 1057 2461 verbis
1090 2430 1163 2468 ejus
1192 2431 1358 2461 attendas.

282 2478 343 2508 sed
368 2477 405 2508 iu
426 2478 490 2509 hoe
508 2480 597 2509 totus
624 2477 690 2508 viri
709 2476 847 2507 maximi
873 2486 971 2507 error
998 2475 1151 2516 vertitur,
1179 2477 1267 2515 quod
1289 2486 1359 2507 nou

284 2523 459 2563 distinguit
500 2525 691 2556 Sirenusas
726 2523 854 2553 insulas
885 2533 906 2553 a
944 2522 1140 2553 Sirem’am's
1172 2524 1358 2563 montibus,

284 2568 341 2608 qui
373 2569 504 2608 quidem
537 2568 663 2600 diversi
692 2571 808 2608 erant,
849 2570 886 2598 ut
908 2568 1099 2598 luculenter
1118 2567 1239 2599 ibidem
1264 2578 1360 2599 mon-

286 2616 372 2644 strat
396 2616 537 2646 Strabo:
581 2616 691 2652 unde,
729 2625 803 2645 eum
826 2623 929 2644 voces
954 2614 1115 2653 scopulos
1141 2618 1175 2645 et
1203 2624 1300 2645 saa-a
1326 2617 1362 2645 et

286 2669 391 2698 rupes
427 2661 586 2692 Sirenum
624 2663 692 2692 tam
725 2661 766 2691 de
795 2661 923 2691 insutis
967 2660 1149 2691 ‚Stre-ausis
1187 2671 1284 2699 quam
1318 2661 1360 2691 de

286 2706 453 2737 montibus
480 2707 678 2737 Stratonis
702 2709 881 2745 usurpatas
907 2708 1119 2737 observasset
1146 2707 1204 2738 Vir
1235 2707 1363 2738 doetis-

286 2752 411 2791 simus,
438 2752 526 2782 male
547 2751 719 2789 contudit3
743 2755 779 2782 et
800 2752 889 2790 quod
913 2753 1054 2784 duorum
1078 2755 1163 2792 erat,
1198 2753 1233 2783 in
1257 2762 1359 2783 unum

286 2797 462 2836 compegit.
525 2796 704 2836 Sequitur:
770 2797 919 2837 „Statius
965 2799 1198 2831 Surrentinam
1240 2799 1361 2830 Villam

288 2843 415 2884 „Pollii
449 2844 537 2873 inter
574 2843 734 2874 Sir-esunt
768 2848 897 2874 montes
932 2845 966 2873 et
999 2845 1266 2883 promontorium
1294 2845 1359 2876 Mi-

286 2899 396 2930 „neri
406 2898 446 2919 ae
469 2888 567 2919 sitam
592 2889 696 2920 fuisse
721 2887 821 2919 docet
842 2888 877 2918 iu
901 2889 1069 2920 montibus
1090 2891 1246 2922 nimirum
1274 2893 1358 2923 Sur-

286 2934 505 2979 „rentiuis.“
560 2935 636 2966 Nou
672 2934 760 2964 inter
797 2934 955 2964 Sirenum
979 2943 1117 2967 noxi-Es
1140 2939 1174 2966 et
1196 2947 1358 2976 promon-

282 2981 407 3013 torium
443 2980 618 3011 Minervae
655 2979 752 3010 sitam
791 2978 878 3010 hauc
917 2979 1037 3011 Villam
1077 2982 1177 3012 docet
1220 2982 1358 3023 Statius,

285 3027 345 3058 sed
381 3029 472 3057 inter
512 3033 612 3058 notos
650 3026 807 3059 Sirenum
833 3028 971 3057 nomine
992 3034 1111 3058 munos
1141 3030 1176 3057 et
1198 3037 1358 3066 promon-

284 3073 407 3105 torium
434 3072 620 3103 Minervae.
646 3071 777 3111 Pergit:
805 3072 892 3111 „Sic
916 3071 995 3101 ille:

374 3139 398 3156 ,‚
409 3118 480 3150 Est
502 3121 593 3150 inter
618 3124 714 3149 notos
742 3118 904 3148 Sirenum
930 3119 1063 3148 nomc'ne
1084 3127 1202 3149 muros

373 3185 397 3202 ,‚
410 3164 578 3206 Saxaque
615 3164 815 3205 Tyrrhenae
847 3164 981 3202 templis
1009 3170 1157 3195 onerata
1182 3163 1361 3196 hisnem-ae

374 3211 510 3251 „Celsa
538 3210 733 3242 Dicarchei
755 3210 972 3249 speculatrix
997 3210 1082 3240 riIIa
1102 3212 1294 3251 profundi:

256 3255 384 3294 ·‚,Per
413 3264 533 3289 nuaos
571 3257 730 3289 Sirenum
767 3258 904 3287 nomine
936 3260 1033 3287 notos
1071 3255 1214 3297 intelligi
1239 3257 1360 3287 debere

1077 428 1265 477 Noun
1298 440 1368 477 Au
1400 428 1505 477 Lm.
1531 427 1608 476 ῙΠ,
1645 432 1688 474 1.

2401 433 2505 483 259

1430 575 1453 594 ,‚
1466 554 1595 586 eertum
1629 554 1682 584 est
1713 551 1919 584 Sti-atauus
1953 559 2118 586 nome:
2163 553 2244 586 alibi
2265 561 2381 588 aures
2404 562 2505 591 voest

1428 599 1495 638 „in
1529 600 1630 630 Herc.
1663 599 1819 630 Surreni.
1852 603 1955 630 notas
1988 600 2151 632 Stre-uss
2180 602 2319 634 notizie
2342 606 2503 636 auras.“

1429 644 1519 681 Quid
1545 644 1666 676 audio!
1699 653 1761 682 per
1786 651 1909 675 nultos
1931 644 2075 686 intelligi
2097 646 2222 677 debere
2244 652 2413 680 nonnis!
2454 653 2502 689 et,

1428 690 1519 729 quod
1549 698 1657 729 aeque
1687 689 1935 721 incommodum
1958 693 2027 732 est,
2067 691 2099 723 si
2118 692 2218 724 Pollii
2238 693 2328 725 Villa
2351 694 2417 726 sita
2439 696 2502 729 fuit

1428 737 1518 766 inter
1544 736 1749 767 St'rem‘mws
1774 741 1904 767 montes
1924 735 2002 779 (boe
2023 739 2076 768 est
2097 739 2280 774 mnium
2300 741 2503 773 Salmasium

1427 782 1620 816 ,Sa-eausas
1650 781 1791 824 insulas)
1827 783 1862 812 et
1895 784 2167 821 prunonem-tun
2193 784 2401 828 Miner-vae,
2441 797 2503 819 ne-

1428 827 1574 859 cessario
1610 827 1763 865 sequitur
1795 836 1870 858 eam
1903 827 1939 858 in
1969 836 2061 861 lum
2096 828 2195 860 sitam
2217 830 2345 864 fuisse:
2377 833 2501 873 qnippe

1426 875 1691 913 promontorium
1729 872 1819 903 istud
1852 872 1896 904 ad
1932 884 2031 906 nare
2062 874 2295 917 pertingebat,
2333 880 2373 909 ut
2405 882 2503 911 iuter

1422 919 1508 950 illud
1543 922 1578 950 et
1608 919 1787 951 Sirenum
1821 918 1906 949 nihil
1934 928 2008 951 esse
2039 921 2188 959 potuerit
2207 924 2344 961 praeter
2365 935 2500 967 aquas.-

1423 966 1513 1004 quod
1537 965 1619 996 satis
1644 964 1763 995 mirum
1787 967 1859 1005 est,
1893 964 1965 996 sive
1989 966 2098 998 Villae
2121 967 2398 1012 mudamentum,
2424 971 2499 1003 sive

1422 1011 1577 1043 salmasii
1599 1013 1833 1042 commentum.

1467 1066 1499 1087 v.
1518 1058 1574 1087 69.
1595 1058 1827 1095 Augustusque
1835 1057 1939 1097 fores
1957 1063 2169 1098 assuetaque
2182 1064 2278 1091 tecta
2294 1065 2501 1103 gravamus-J

1424 1102 1614 1132 Domitius:
1650 1101 1888 1141 -‚1nemeudati
1910 1103 2014 1133 codd.
2037 1103 2160 1135 babent
2181 1111 2345 1138 assuetas
2370 1110 2406 1138 et
2419 1118 2503 1150 gra-

1425 1151 1553 1188 „vatis
1567 1158 1580 1178 .-
1605 1156 1668 1177 nos
1688 1157 1772 1178 vero
1795 1146 1959 1188 legimus,
1981 1155 2173 1191 assutaque
2197 1157 2291 1183 tecta
2310 1162 2501 1194 gravanus

1426 1212 1449 1233 ‚‚
1462 1193 1675 1224 Froudtbus:
1712 1196 1749 1223 ut
1774 1192 1818 1223 sit
1838 1201 1975 1233 sensus,
2014 1195 2092 1226 dum
2116 1196 2259 1236 tegimus
2281 1200 2372 1230 tecta
2393 1209 2500 1231 assu·

1426 1260 1450 1280 ,‚
1460 1245 1498 1270 ta
1523 1239 1677 1277 maleque
1701 1238 1876 1269 haerentia
1897 1239 2064 1270 hiantibus
2087 1241 2203 1281 rimis,
2236 1246 2337 1282 atque
2363 1244 2411 1276 ita
2442 1255 2500 1278 so-

1427 1286 1528 1325 „lem
1575 1293 1739 1315 arcemus.
1752 1285 1775 1303 “
1861 1285 1958 1316 Hane
2003 1287 2143 1317 Domitii
2185 1288 2501 1328 interpretationem

1426 1331 1549 1362 merito
1575 1330 1687 1369 rejicit
1710 1329 1908 1362 Gevartius:
1944 1331 2015 1370 ipse
2038 1335 2151 1364 tamen
2177 1343 2315 1376 errans,
2348 1346 2424 1368 cum
2447 1338 2500 1369 di-

1428 1377 1493 1418 cit,
1545 1377 1688 1408 Statium
1728 1376 1791 1407 hoe
1833 1376 1911 1408 loco
1942 1377 2133 1410 describere
2164 1381 2432 1420 augustissimum
2466 1387 2502 1415 et

1425 1422 1637 1462 magnifieum
1671 1423 1832 1461 templum
1863 1422 2007 1454 Dianae
2038 1424 2218 1457 Affcinae.
2241 1427 2325 1458 nibil
2348 1428 2422 1464 hie,
2455 1439 2500 1462 ne

1427 1470 1567 1499 verbum
1590 1467 1736 1508 quidem,
1759 1468 1802 1498 de
1824 1468 1949 1506 templo
1971 1469 2101 1500 Dianae
2124 1471 2318 1504 Aricinae.-
2343 1483 2417 1504 cum
2436 1475 2499 1506 hae

1428 1519 1597 1554 augustae
1613 1515 1739 1555 fores,
1769 1514 1811 1543 de
1834 1512 1953 1550 quibus
1975 1516 2102 1545 Statius
2125 1516 2295 1557 loquitur,
2328 1527 2396 1549 non
2419 1521 2501 1552 Art·-

1429 1561 1506 1590 et’ae
1540 1561 1675 1599 essent,
1701 1557 1762 1588 sed
1790 1558 1906 1589 Villae
1931 1559 2166 1592 Surreate‘nae
2190 1562 2307 1603 Pollii,
2340 1565 2397 1594 ubi
2419 1569 2499 1598 tune

1427 1606 1626 1636 versabatur
1667 1606 1779 1642 poeta.
1836 1604 2033 1636 Gerartium
2072 1606 2206 1646 decepit
2244 1617 2314 1639 vox
2349 1610 2500 1653 Triviae,

1426 1660 1512 1689 quae
1539 1650 1774 1689 conjungenda
1808 1651 1882 1679 erat
1917 1661 1991 1681 enm
2021 1653 2127 1691 diem,
2172 1662 2243 1684 non
2267 1663 2342 1684 cum
2360 1657 2431 1688 udo
2455 1659 2501 1689 12·-

1426 1702 1503 1728 tore
1528 1699 1586 1727 aut
1609 1701 1780 1736 augustas
1801 1697 1918 1737 fores.
1949 1698 2022 1728 dies
2051 1698 2192 1730 Tn'm‘ae
2215 1702 2267 1730 est
2281 1701 2404 1742 festus
2428 1704 2500 1736 dies

1430 1743 1592 1783 Diniae,
1616 1742 1695 1772 Idus
1718 1741 1792 1771 scil.
1838 1742 1979 1781 Augusti
2002 1744 2145 1774 mensis:
2172 1748 2213 1776 nt
2237 1745 2339 1777 Theb.
2362 1749 2420 1779 Vl.

1700 1788 1769 1823 da,
1790 1795 1927 1829 parve,
1951 1791 2046 1820 tuum
2067 1791 2248 1822 trieteride
2268 1793 2379 1824 stulta

1515 1833 1727 1864 Instaurare
1749 1830 1848 1862 diem.

1424 1880 1459 1910 id
1482 1882 1535 1910 est
1555 1882 1650 1910 tuum
1670 1879 1805 1919 festum
1828 1878 1936 1918 diem,
1979 1879 2022 1909 de
2044 1880 2263 1915 Archemoro.
2287 1883 2337 1914 ita
2360 1882 2499 1916 Lucani

1418 1926 1587 1966 proprius
1611 1925 1686 1954 dies
1697 1944 1710 1960 ,
1750 1923 1905 1954 Genethl.
1930 1932 1961 1954 v.
1987 1927 2018 1955 1.
2043 1928 2078 1955 et
2102 1927 2269 1958 Caesaris
2292 1929 2389 1960 aluta
2413 1932 2500 1972 thes,

1424 1970 1513 2010 apud
1535 1969 1736 2000 Martialem.
1782 1970 1834 1999 De
1857 1968 2009 2010 reliquo,
2041 1970 2075 2001 in
2103 1971 2215 2002 verbis
2235 1973 2333 2012 liujus
2355 1975 2422 2006 loci
2444 1977 2498 2007 ni-

1423 2017 1473 2047 bil
1504 2018 1613 2046 mutat
1634 2015 1835 2055 Gevartius,
1882 2014 1947 2044 nisi
1971 2017 2058 2055 quod
2079 2026 2141 2055 pro
2166 2017 2369 2062 Augustas,
2409 2025 2500 2060 quod

1425 2061 1655 2102 'typographis
1689 2061 1851 2100 imputat,
1896 2061 1969 2090 vult
2004 2061 2208 2103 Augustas.-
2248 2065 2291 2096 de
2326 2075 2392 2105 quo
2417 2077 2500 2101 mox

1428 2107 1625 2140 videbimus.
1650 2108 1832 2139 Salmasius
1854 2106 1978 2137 Exerc.
2003 2108 2146 2140 Plinian.
2173 2119 2206 2148 p.
2233 2112 2312 2143 265.
2337 2112 2420 2152 legit

1518 2156 1750 2193 Augustasque
1766 2155 1869 2195 fores
1890 2159 2102 2194 assuetaque
2122 2160 2217 2187 tecta
2240 2167 2432 2199 gravamur,

1517 2199 1714 2231 Frondibus
1739 2205 1774 2230 et
1791 2199 1919 2238 patula
1942 2200 2155 2241 defendimus
2177 2203 2303 2234 arbore
2324 2205 2439 2235 soles.-

1428 2245 1474 2276 Et
1510 2246 1575 2277 hoc
1617 2254 1734 2276 verum
1771 2254 1845 2275 esse
1881 2246 2076 2282 pronuntiat
2107 2248 2297 2279 Gronovius
2327 2250 2435 2281 Diatr.
2468 2260 2499 2283 e.

1429 2291 1553 2322 xxm.
1583 2291 1757 2322 immemor
1791 2299 1910 2322 vocem
1943 2299 2038 2322 veno
2070 2293 2126 2324 vel
2160 2301 2283 2326 Ais-ren
2315 2296 2379 2327 hoc
2402 2299 2500 2335 pacto

1428 2336 1632 2369 desiderari:
1678 2337 1804 2368 dixisse
1835 2336 1924 2367 enim
1957 2337 2090 2378 debuit,
2131 2349 2325 2380 gratamur
2354 2348 2500 2373 assueta

1427 2388 1520 2414 tecta
1527 2404 1539 2420 ,
1577 2384 1770 2425 frondibus
1810 2390 1903 2413 vano
1939 2388 1976 2413 et
2005 2385 2130 2415 arbore
2148 2387 2361 2429 defendimus
2384 2389 2500 2419 soles.-

1426 2429 1526 2460 aliter
1559 2429 1648 2459 euim
1684 2439 1754 2459 non
1788 2431 2036 2460 connectuntur
2067 2430 2161 2461 baec.
2215 2433 2500 2467 Quemadmodum

1426 2475 1462 2506 in
1493 2474 1562 2505 suis
1595 2475 1773 2506 codicibus
1807 2474 1936 2504 invenit
1961 2475 2148 2517 Domitius,
2190 2477 2238 2508 ita
2266 2478 2365 2509 etiam
2389 2481 2441 2509 est
2463 2479 2500 2509 ἰι

1426 2523 1560 2552 vetusta
1582 2521 1777 2561 Parmensi,
1801 2523 1988 2562 gratatis.-
2014 2522 2103 2552 uude
2131 2523 2224 2554 nullo
2250 2525 2390 2564 negotio
2416 2534 2500 2556 con-

1427 2568 1479 2598 fici
1503 2569 1615 2605 potest

1516 2612 1760 2653 Augustasque
1775 2613 1879 2653 fores
1906 2618 2117 2653 assuetaque
2142 2619 2237 2645 tecta
2260 2615 2389 2654 gravati

1521 2658 1717 2689 Frondibus
1743 2662 1779 2688 et
1797 2658 1925 2695 patula
1950 2658 2157 2690 defendimus
2180 2662 2305 2691 arbore
2330 2662 2444 2691 soles.-

1427 2705 1679 2736 constructione
1703 2704 1751 2733 ita
1777 2704 1988 2741 postulante:
2024 2708 2057 2735 et
2084 2705 2132 2736 ita
2153 2707 2286 2738 tandem
2311 2706 2500 2738 Gronovius

1426 2750 1462 2780 iu
1487 2751 1612 2781 Errat.
1640 2755 1675 2781 et
1705 2749 1832 2779 omiss.
1866 2749 1908 2779 ad
1940 2750 2036 2780 linem
2060 2752 2167 2784 Diatr.
2193 2762 2227 2792 p.
2247 2754 2325 2783 406.
2352 2762 2396 2783 ex
2418 2752 2500 2783 MS⁰

1426 2796 1581 2827 Senensi.
1612 2798 1765 2836 gravaro·
1793 2795 1880 2825 idem
1905 2797 1992 2833 quod
2016 2798 2150 2839 odisse,
2191 2801 2378 2838 atersar1';
2425 2807 2500 2830 cum

1427 2847 1549 2881 quarto
1575 2851 1665 2873 casu.
1712 2843 1869 2872 Lucanus
1892 2843 1964 2882 vn,
1989 2844 2067 2874 284.

1516 2889 1691 2919 Romanos
1715 2889 1817 2918 odere
1837 2897 1972 2929 omnes,
1997 2888 2213 2929 dominosque
2235 2889 2429 2929 gravantur,

1517 2937 1611 2973 Quos
1636 2944 1779 2970 nocere,
1806 2936 1928 2973 magis.

1426 2979 1608 3011 Suetonius
1634 2982 1805 3019 Augusto:
1834 2981 1952 3018 ampla
1972 2985 2002 3009 cl
2024 2990 2171 3017 usuros-a
2189 2980 2358 3019 praetoria
2378 2987 2501 3018 grava·

1427 3026 1534 3057 batur.
1554 3026 1609 3064 qui
1630 3026 1724 3056 loeus
1753 3035 1773 3055 a
1790 3025 1965 3055 Gronovio
1986 3026 2172 3055 adducitur.
2207 3026 2366 3065 Apuleius
2377 3025 2499 3064 Apolo-

1428 3070 1500 3109 gia:
1521 3073 1670 3102 recitari
1688 3074 1768 3110 ipsa
1786 3070 2030 3109 haeejubeb05
2046 3074 2202 3110 quoniam
2223 3074 2368 3103 ostendis
2379 3072 2502 3102 huuta-

1428 3118 1569 3147 m'ssn’mo
1591 3117 1687 3147 vultu
1702 3115 1901 3147 auditionem
1930 3121 1961 3145 tr
1984 3119 2080 3146 &ww
2110 3130 2169 3147 eme
2191 3119 2333 3150 :ravat-i.
2355 3118 2401 3148 ita
2419 3115 2501 3159 318-

1428 3163 1591 3200 gendum,
1610 3164 1722 3196 vulno,
1743 3163 1916 3192 auditione
1934 3165 2015 3192 istu.
2037 3175 2054 3202 p
2068 3166 2154 3193 „asim
2175 3166 2340 3203 exempla.
2363 3165 2500 3194 Prooe-

1427 3214 1551 3246 gustas
1567 3210 1689 3239 multae
1708 3209 1872 3239 editiones
1894 3207 2016 3239 babent
2035 3216 2208 3250 angustas
2223 3221 2236 3247 ,-
2253 3210 2342 3250 quod
2352 3209 2430 3240 mihi
2441 3218 2500 3239 ve-

1430 3254 1499 3285 rius
1520 3255 1667 3287 videtur:
1686 3256 1722 3287 in
1739 3256 1799 3286 liae
1810 3253 1898 3284 enim
1914 3263 1995 3285 voce
2006 3256 2197 3295 continetur
2210 3257 2296 3288 ratio
2307 3265 2411 3296 quare
2423 3265 2501 3287 con-

1813 3299 1900 3345 Kk
1924 3301 1957 3344 2
