2892 3840
338 430 434 479 51⁷⁰

349 536 436 573 Quid
462 537 595 578 stupes,
627 538 774 569 Lector.¹
799 536 878 576 quid
901 537 1057 570 miraris?
1088 541 1311 580 expectamus,
1351 539 1425 579 opi-

347 592 431 623 nor,
481 583 627 614 Statium
659 584 830 623 scripsisse
862 593 1069 617 emsa-mrsu
1101 594 1245 617 canus-r
1278 595 1425 625 cannae,

349 638 418 659 non
451 632 646 669 gratuitum
676 638 786 661 canu·
817 640 976 663 cannae.-
1018 634 1054 662 et
1084 631 1131 663 ita
1164 641 1246 663 sane
1273 632 1424 661 mallem:

351 675 412 706 sed
440 675 576 706 summis
611 674 694 707 viris
721 676 820 707 aliter
851 676 971 708 visum.
1030 675 1093 707 Vix
1116 678 1221 708 oeulis
1246 677 1425 715 animoque

349 721 452 752 fides:
477 723 512 751 et
533 730 650 753 omnes
671 722 825 761 strophas
852 725 950 754 verto
975 721 1006 753 si
1029 723 1155 762 possim
1180 723 1334 754 invenire
1360 732 1425 761 quo

352 766 539 799 excutiam:
582 767 639 797 sed
665 768 801 798 summis
827 768 910 800 viris
935 767 1036 800 aliter
1058 769 1178 800 visum.
1225 769 1291 800 Vix
1318 769 1425 800 oculis

353 813 530 852 animoque
560 813 661 844 fides:
715 817 750 845 et
782 824 899 846 omnes
930 814 1084 853 strophas
1111 817 1209 847 verto
1241 815 1269 846 si
1303 814 1428 854 possim

353 859 508 890 invenire
545 869 610 898 quo
644 868 759 891 eorum
791 857 960 903 ἆβλεψίαν
990 869 1170 901 excusem,
1199 864 1233 892 et
1258 863 1428 900 stuporem

351 914 461 936 meum
486 905 674 936 exc-utiam:
699 906 757 936 sed
782 906 865 936 nibil
891 907 1052 938 occurrit.
1098 908 1204 946 Vide,
1229 908 1373 947 Lector,
1399 906 1428 936 si

351 951 428 990 quid
454 953 490 981 tn
514 954 622 990 potes.
664 953 820 992 Interea,
842 952 998 983 Salmasii
1022 962 1107 994 ope,
1130 953 1274 985 Statium
1298 953 1357 984 tibi
1379 953 1430 983 fa-

353 997 415 1028 cile
443 998 597 1034 restituo,

440 1043 538 1078 Quod
560 1045 670 1073 ramis
689 1045 757 1082 pia
778 1045 955 1083 germinat
975 1044 1187 1084 Damascus,

439 1089 490 1119 Ee
513 1089 602 1128 quod
622 1091 805 1128 percoquit
826 1085 960 1119 Ebosia
983 1088 1113 1125 cannis,

441 1133 570 1175 Largis
590 1137 790 1175 gratuitum
816 1134 914 1165 cadit
936 1136 1095 1173 rapinis.-

350 1191 440 1231 quod
461 1190 593 1221 Ebosia
608 1191 814 1230 percoquit,
855 1191 917 1227 ut,
957 1191 1049 1230 quod
1073 1190 1274 1222 Damascus
1298 1191 1427 1232 germi-

351 1241 424 1266 nat.
460 1237 583 1266 caunis
608 1235 805 1275 percoquit,
845 1239 902 1275 ut,
944 1238 1053 1266 ramis
1078 1237 1264 1276 germinat:
1314 1235 1428 1267 omnia

349 1280 480 1312 similia.
533 1281 697 1321 Intelligit
736 1283 843 1313 totum
878 1285 1079 1320 proventum
1111 1292 1295 1314 cannarum
1328 1282 1427 1320 hujus

349 1326 499 1358 insulae:
534 1329 626 1368 quod
644 1327 733 1357 enim
758 1329 809 1358 est
834 1330 996 1367 quicquid
1019 1329 1071 1359 vel
1096 1335 1287 1369 quantum:
1321 1331 1355 1359 et
1379 1327 1426 1357 ita

348 1373 450 1412 plane
471 1373 571 1405 babet
599 1373 710 1404 Editio
736 1374 939 1404 Parmensis.
996 1375 1173 1405 Gerartius
1206 1384 1268 1413 per
1292 1382 1429 1405 cannas

349 1419 508 1458 intelligit
530 1419 618 1450 istud
645 1419 734 1458 quod
757 1428 821 1451 nos
844 1429 1003 1451 vocamus
1028 1421 1267 1458 Saccharum;
1307 1423 1340 1450 et
1363 1421 1429 1449 Ve-

350 1465 480 1496 teribus
523 1475 593 1496 non
631 1465 840 1504 incognitum
875 1474 949 1496 esse
981 1475 1026 1496 ex
1064 1467 1127 1497 hoc
1165 1467 1241 1497 loco
1274 1464 1429 1496 adstruit.

350 1511 546 1542 Periculosa
567 1511 833 1550 argumentatio;
876 1521 951 1542 cum
977 1512 1063 1544 adeo
1088 1512 1261 1550 probabile
1286 1512 1330 1542 sit
1352 1512 1426 1541 Sta-

349 1557 428 1587 tium
450 1556 624 1595 scripsisse
655 1560 780 1588 caunis
806 1566 873 1588 non
900 1560 1036 1588 cannis.
1062 1559 1114 1588 De
1135 1556 1289 1596 sequenti
1316 1565 1428 1595 versu,

350 1601 481 1643 Largis
511 1604 703 1643 gratuitum
737 1604 831 1633 cadit
865 1604 1030 1641 rapinis,
1074 1604 1179 1634 multa
1202 1603 1430 1642 suspicionem

345 1648 425 1678 mihi
459 1650 594 1678 movent
628 1658 697 1680 non
731 1648 829 1680 Statii
865 1657 960 1689 esse,
1004 1649 1064 1680 sed
1085 1649 1260 1680 ludibundi
1282 1649 1425 1686 alicujus

347 1695 404 1733 qui
436 1694 637 1725 sententiam
671 1694 770 1725 nimis
807 1695 942 1734 longam
976 1692 1019 1739 (a
1050 1705 1149 1726 versu
1190 1698 1242 1728 13.
1268 1695 1310 1726 ad
1338 1703 1424 1725 vers.

346 1739 421 1783 20.)
442 1742 603 1780 putabat,
639 1742 675 1771 et
698 1741 775 1772 ideo
801 1741 863 1772 hae
887 1750 982 1772 mora
1007 1744 1042 1772 et
1065 1741 1293 1781 respiratione
1318 1740 1425 1771 inter-

347 1786 549 1826 stinguebat.
594 1787 706 1818 Primo
740 1786 831 1818 enim
865 1796 935 1818 vox
958 1789 1054 1819 cadit
1077 1788 1179 1827 paulo
1203 1791 1283 1819 ante
1306 1796 1426 1818 oecur-

346 1833 412 1873 rit,
454 1836 488 1864 et
525 1832 638 1863 statim
670 1833 823 1871 sequitur
855 1834 1037 1864 cadebant.
1083 1834 1237 1874 Deinde,
1283 1841 1424 1872 cannae,

345 1888 477 1919 pruna,
506 1879 638 1918 palmae
661 1881 696 1909 et
719 1879 842 1909 similia
863 1888 931 1910 non
953 1879 1020 1909 diei
1044 1883 1187 1918 possunt
1210 1880 1332 1911 cadere
1356 1880 1426 1909 lar-

346 1925 398 1966 gis
421 1925 580 1964 rapinis,
603 1925 664 1954 sed
686 1927 799 1955 ruinis
812 1934 829 1963 ,·
859 1927 898 1955 ut
919 1927 1027 1956 ruina
1050 1926 1120 1965 poli
1134 1947 1144 1965 ,
1189 1925 1310 1964 passim
1336 1925 1425 1964 apud

346 1972 474 2010 poe'tas.
519 1970 620 2000 Dices
641 1971 730 2002 forte
753 1972 892 2009 rapinis
940 1972 1062 2002 cadere
1085 1972 1273 2010 significare
1299 1974 1337 2002 in
1361 1980 1424 2001 ra-

341 2019 468 2057 pinas,
487 2019 526 2046 ut
550 2025 582 2046 v.
605 2018 659 2048 63.
709 2018 932 2057 Casurae-que
954 2020 1057 2059 vagis
1073 2028 1178 2059 grues
1204 2018 1355 2056 rapinis,
1389 2016 1425 2047 id

348 2066 423 2102 est,
451 2071 592 2092 casurae
616 2065 654 2093 in
678 2065 837 2101 rapinas.
863 2066 979 2104 recte,
1014 2064 1169 2104 inquam,
1205 2066 1304 2105 vagis
1332 2062 1423 2101 rapi-

347 2109 422 2146 nis;
457 2109 517 2138 sed
540 2117 605 2147 quo
629 2117 728 2138 sensu
753 2108 890 2149 largis?
931 2120 1044 2150 vagae
1067 2110 1207 2149 rapinae
1233 2114 1311 2140 sunt
1338 2117 1423 2147 quae

348 2165 368 2186 a
398 2157 497 2195 ragis
530 2154 728 2192 rapiuntur:
774 2164 818 2184 an
849 2154 926 2186 ideo
956 2157 1079 2197 largae
1111 2157 1251 2195 rapinae
1286 2164 1371 2194 quae
1406 2163 1427 2184 a

346 2203 456 2241 largis
481 2200 681 2238 rapiuntur?
704 2200 852 2239 ineptum
879 2202 951 2232 hoe.
963 2203 1087 2232 Saltem
1100 2203 1275 2243 scripsisse
1300 2200 1426 2240 debuit,

347 2246 460 2278 Laetis
491 2248 685 2287 gratuitum
708 2247 808 2278 eadit
828 2250 992 2287 rapinis.-
1030 2248 1064 2278 id
1090 2252 1163 2289 est,
1196 2258 1282 2288 quae
1309 2257 1329 2278 a
1353 2248 1426 2276 Iae-

347 2296 395 2325 ta's
427 2293 622 2331 rapiantur:
678 2293 751 2332 vel,
790 2291 918 2334 Largis
948 2297 1145 2334 gratu-itum
1182 2296 1276 2326 cadit
1308 2292 1425 2324 ruinis.

347 2339 412 2371 Sed
453 2347 591 2369 remove
626 2338 801 2377 paulisper
840 2348 974 2370 versum
1007 2340 1096 2372 hunc
1128 2346 1163 2371 et
1192 2341 1269 2372 vide
1300 2340 1426 2378 quanto

346 2383 466 2416 melius
490 2384 652 2423 procedat
673 2385 803 2416 oratio:

439 2442 614 2482 Quicquid
638 2442 749 2472 nobile
774 2442 932 2472 Ponticis
962 2443 1100 2472 nuc-etis

436 2487 629 2518 Foecundz's
654 2488 750 2518 cadit
770 2492 836 2518 aut
854 2487 951 2527 jugis
979 2488 1141 2525 Idumes‚·

440 2535 540 2572 Quod
561 2535 669 2564 ramis
689 2535 754 2573 pia
775 2535 950 2574 germinat
975 2533 1187 2570 Damascus,

438 2578 489 2608 Et
510 2580 600 2619 quod
613 2582 799 2620 percoquit
821 2579 953 2609 Ebosia
976 2581 1123 2619 σαπήῃ·

441 2624 564 2654 Molles
590 2626 734 2665 caseoli,
761 2626 1012 2665 lucunculique,

439 2668 490 2699 Et
511 2672 636 2701 massis
661 2670 830 2702 Amerina
855 2681 922 2701 non
945 2674 1115 2711 perustis,

437 2713 521 2756 JEt
540 2721 755 2752 mustaceus,
794 2722 830 2747 et
853 2715 983 2748 latente
998 2717 1121 2756 palma

437 2759 680 2800 Praegnantes
705 2764 923 2801 caryotides,
949 2764 1128 2794 cadebant.

350 2815 462 2848 Sentis
497 2816 565 2854 jam
597 2817 727 2847 nullum
758 2826 842 2856 opus
874 2826 946 2848 esse
969 2818 1137 2851 versiculo
1160 2819 1226 2853 isto
1248 2824 1307 2854 aut
1331 2823 1426 2864 inep-

351 2865 386 2893 to
411 2864 469 2892 aut
492 2862 694 2901 depravato:
718 2863 753 2892 et
776 2872 894 2894 cursus
917 2866 1122 2896 narrationis
1147 2866 1209 2899 hoe
1235 2872 1332 2908 pacto
1356 2880 1425 2901 non

348 2908 515 2947 frangitur
540 2909 594 2938 vel
619 2907 818 2949 impeditur,
857 2908 917 2939 sed
939 2914 1110 2948 ponuntur
1132 2914 1244 2945 omnia
1268 2915 1366 2946 simul
1391 2919 1425 2947 et

350 2954 572 2985 coacervatim
622 2956 655 2984 et
696 2954 971 2992 quemadmodum
1000 2957 1173 2989 cadebant.
1236 2961 1303 2991 Sed
1341 2962 1425 2992 haec

349 3000 496 3038 suspicio
530 3002 659 3031 tantum
691 3004 760 3030 est:
801 2999 925 3032 certius
949 3000 1060 3041 istud,
1103 3004 1162 3033 vel
1183 3004 1331 3043 ineptum
1354 3016 1427 3037 esse

350 3055 488 3077 versum
521 3047 576 3076 vel
609 3047 850 3084 depravatum:
895 3047 984 3084 quod
1026 3050 1059 3078 et
1089 3048 1178 3080 ultra
1200 3053 1321 3088 probat
1344 3054 1426 3084 Par-

348 3092 485 3132 mensis,
503 3101 588 3130 quae
614 3092 714 3122 habet

439 3137 566 3179 Largis
590 3140 783 3178 gratuitum
808 3144 920 3168 eamr
946 3139 1092 3177 rapinis.

351 3195 487 3233 [venet.
503 3205 635 3235 quoque
658 3195 757 3226 habet
783 3195 882 3235 qnod,
907 3194 1182 3233 quemadmodum
1205 3196 1427 3230 conieceram.

350 3241 418 3272 Sed
438 3242 507 3274 iam
529 3241 645 3273 dubito
667 3241 709 3272 de
737 3243 871 3281 caunis,
896 3243 1070 3280 postquam
1096 3241 1162 3280 legi
1180 3252 1220 3273 ea
1242 3253 1327 3282 quae
1348 3254 1428 3276 con.

1187 414 1373 463 Norae
1407 427 1476 463 An
1510 414 1614 463 Lm.
1650 416 1686 464 Ι.
1715 418 1761 464 6.

2467 435 2568 484 211

1493 541 1548 572 tra
1579 541 1666 573 hane
1687 538 1846 575 salmasii
1872 540 2101 577 co-teetu-
2121 544 2270 586 disputat
2295 551 2478 587 Palmerins
2501 558 2574 590 Ex.

1495 585 1624 618 ercitat.
1658 587 1696 619 in
1728 587 1850 619 enee.
1887 589 2029 623 Auctor.
2064 599 2099 630 p.
2121 592 2204 626 491.
2237 598 2274 627 et
2307 596 2343 628 in
2377 603 2571 637 contextum

1493 642 1638 671 reponas
1667 633 1747 665 volo
1775 635 1914 665 cannis.
1938 635 1998 666 Rx
2016 636 2127 676 Ami-1

1540 687 1571 709 v.
1600 681 1653 710 17.
1700 679 1823 710 Molles
1845 679 1946 712 caioli
1971 681 2211 723 lagunculique
2472 700 2474 702 v

1698 723 1748 755 Ε.»
1793 726 1912 756 massis
1938 725 2107 760 Ameriam
2144 737 2217 762 aaa
2244 734 2419 774 perustis]
2462 737 2570 770 Probo

1495 769 1628 799 caseoli
1649 779 1709 808 pro
1736 769 1867 812 cajati,
1904 771 2064 812 quonian
2098 784 2223 809 mens
2255 775 2353 812 intee-
2382 780 2471 812 dona
2507 785 2571 815 Sa-

1497 815 1672 847 turnalitia
1702 818 1849 848 refertur
1882 825 1905 848 a
1939 820 2067 852 Nostro
2098 821 2183 853 sur.
2204 823 2277 865 lv,
2311 825 2345 856 9.
2379 829 2415 858 et
2440 827 2489 859 ita
2510 829 2570 861 ha-

1497 860 1570 891 buit
1599 863 1698 892 vetus
1731 862 1859 894 codex.
1888 863 1979 896 Edit.
2010 867 2122 898 Parus.
2148 867 2272 908 gaioli.
2298 870 2393 903 Rom.
2430 875 2570 907 Caieota'.

1496 906 1630 937 Deinde
1658 916 1720 946 pro
1752 909 1935 950 laguncula·
1965 910 2084 943 admisi
2110 913 2310 956 tuen-ente,
2355 918 2572 953 bell-riorum

1497 953 1644 990 speciem
1680 955 1720 984 ab
1750 955 1893 993 Apuleio
1915 960 2130 990 memoratam
2153 968 2188 998 p.
2209 961 2291 992 219.
2336 964 2419 995 Met.
2442 965 2500 997 lib.
2527 968 2570 999 X.

1498 998 1576 1028 vide
1611 1003 1645 1030 et
1679 1000 1826 1032 Turne».
1863 1001 1948 1032 Λᾶν.
1979 1003 2114 1045 xviii,
2162 1006 2220 1037 20.
2251 1009 2286 1037 et
2311 1007 2360 1039 ita
2386 1010 2421 1041 in
2443 1011 2570 1052 scripto

1499 1044 1615 1074 codice
1646 1044 1791 1076 inveniri
1823 1050 1966 1079 testatur
2002 1050 2207 1082 Bernartius.
2239 1055 2344 1095 Mox,
2379 1065 2444 1095 pro
2477 1067 2571 1091 naas-

1496 1092 1546 1120 sis
1580 1100 1647 1120 non
1667 1093 1824 1142 perustis
1849 1093 2008 1126 Heinsius
2046 1096 2130 1136 legit
2150 1101 2273 1136 passis
2299 1109 2375 1130 cun
2389 1107 2570 1142 perustis.-

1495 1144 1599 1164 uvam
1624 1144 1721 1187 ‘enim
1752 1147 1898 1175 passam
1930 1143 2063 1172 veteres
2090 1144 2252 1175 adustam
2274 1151 2418 1189 vocant,
2461 1148 2572 1190 inquit

1495 1181 1688 1213 Ges-artius.
1719 1182 1787 1212 Sed
1814 1185 1983 1224 vulgatam
2007 1188 2092 1218 bene
2115 1191 2229 1221 tuetur
2251 1192 2443 1224 Gronovius
2462 1196 2570 1228 Diatr.

1496 1235 1525 1256 c.
1550 1226 1638 1257 le.
1663 1228 1698 1256 et
1721 1227 1963 1268 interpretatur
1986 1242 2054 1263 non
2072 1238 2243 1276 perustis,
2264 1246 2333 1268 non
2358 1239 2393 1270 in
2410 1241 2483 1271 sole
2500 1245 2570 1274 sic-

1496 1274 1610 1302 catis:
1652 1273 1805 1304 solebant
1836 1276 1925 1306 enim
1954 1279 2095 1310 Veteres
2119 1280 2274 1313 scindere
2302 1283 2338 1315 in
2361 1295 2488 1317 massas
2510 1298 2570 1320 eu-

1490 1318 1599 1356 jusvis
1628 1320 1760 1357 generis
1783 1320 1876 1362 pira,
1923 1325 1958 1353 et
1981 1325 2023 1355 ad
2050 1326 2155 1356 solem
2180 1327 2323 1364 siccare.
2348 1332 2424 1362 vide
2446 1335 2571 1366 Varro-

1495 1374 1571 1394 nem
1595 1364 1636 1394 de
1660 1366 1698 1395 R.
1721 1366 1759 1396 R.
1782 1368 1819 1406 1,
1857 1369 1912 1399 59.
1943 1370 2088 1402 Plinium
2110 1372 2246 1414 xxm,
2273 1377 2305 1406 7.
2329 1379 2364 1407 et
2384 1379 2571 1412 Palladium

1496 1410 1532 1440 in
1556 1410 1754 1442 Februario.
1808 1415 1903 1444 vers.
1927 1416 1982 1446 20.
2030 1426 2092 1455 pro
2117 1418 2359 1460 Praegnantes
2382 1425 2454 1455 Ms.
2476 1427 2568 1457 Flor.

1496 1455 1587 1486 Edit.
1620 1457 1713 1487 Rom.
1746 1458 1781 1486 et
1804 1461 1887 1489 ven.
1916 1460 2039 1492 habent
2061 1464 2328 1506 praegrandes,
2370 1469 2456 1506 quod
2481 1473 2570 1503 rorte

1496 1501 1636 1552 melius,
1683 1502 1842 1540 quoniam
1887 1504 2093 1549 simplicius,
2139 1509 2246 1547 inquit
2275 1512 2478 1545 Gronovius.
2516 1510 2571 1548 eui

1496 1548 1687 1587 assentior,
1728 1557 1796 1579 nun
1826 1551 1870 1580 ob
1895 1551 1981 1582 bane
2005 1555 2112 1584 solum
2139 1555 2328 1598 rationem,
2354 1559 2414 1590 sed
2436 1561 2515 1599 quia
2536 1563 2572 1594 in

1497 1593 1607 1623 altero
1640 1593 1770 1624 nullum
1796 1603 1931 1627 sensum
1954 1598 2109 1630 invenire
2131 1609 2277 1638 possum.
2323 1604 2359 1636 si
2383 1606 2471 1637 enim
2491 1610 2574 1648 pal.

1493 1649 1551 1670 ma
1582 1638 1646 1690 hoc
1678 1639 1754 1670 loco
1780 1642 1945 1681 significat
1968 1646 2155 1683 spatbalion
2179 1656 2239 1677 seu
2265 1658 2399 1680 ramum
2428 1654 2570 1696 arboris,

1494 1685 1684 1724 caryotides
1717 1684 1816 1727 (quae
1849 1692 1927 1719 sunt
1960 1691 2101 1734 fruetus)
2134 1702 2203 1723 non
2234 1694 2301 1725 dici
2332 1702 2472 1734 possunt
2495 1709 2570 1733 esse

1493 1734 1716 1770 praegnantes
1730 1735 1873 1775 palma,
1895 1746 1970 1766 cum
1990 1738 2101 1775 palma
2118 1739 2228 1777 potius
2246 1740 2360 1774 debuit
2380 1753 2453 1775 esse
2474 1755 2572 1785 prae-

1493 1786 1601 1817 gnans
1620 1780 1852 1816 caryotidibus
1863 1790 1876 1810 .·
1899 1783 2044 1814 Fructus
2064 1794 2135 1816 non
2153 1788 2207 1816 est
2224 1795 2413 1827 praegnans
2426 1790 2570 1834 Arbore,

1493 1824 1553 1854 sed
1570 1822 1684 1854 Arbor
1702 1825 1840 1859 Fructu.
1859 1827 1925 1858 nisi
1948 1829 1989 1859 ad
2002 1831 2210 1870 Hypallagen
2230 1842 2398 1876 recurras,
2423 1838 2572 1870 omnium

1493 1869 1734 1900 absurditatum
1752 1873 1968 1904 communem
1990 1876 2127 1907 Locum.
2145 1879 2204 1908 sed
2220 1888 2288 1910 non
2306 1889 2390 1919 opus
2406 1885 2470 1923 est,
2495 1894 2572 1916 cum

1490 1916 1736 1955 praegrandes
1756 1918 1917 1956 optimum
1936 1920 1991 1950 sit.
2014 1923 2095 1954 Vult
2115 1923 2264 1963 dactylos
2275 1925 2324 1956 ita
2332 1928 2476 1966 grandes
2484 1939 2571 1972 esse,

1492 1965 1530 1992 ut
1556 1961 1706 1991 termites
1730 1970 1790 1993 seu
1812 1965 1899 1996 rami
1922 1966 2041 2005 quibus
2067 1968 2249 2001 haerebant
2273 1972 2427 2005 laterent
2441 1977 2502 2007 suh
2527 1976 2570 2008 iis

1494 2012 1527 2039 et
1550 2010 1754 2046 tegerentur.

1538 2063 1570 2084 v.
1597 2054 1652 2083 24.
1710 2054 1846 2085 Plebem
1873 2058 2044 2096 grandine
2077 2062 2230 2091 concutit
2268 2066 2437 2103 serenam]
2492 2066 2567 2098 Nic.

1493 2099 1653 2130 Heinsius
1683 2100 1725 2130 ad
1759 2101 1934 2132 claudian.
1972 2113 2004 2142 p.
2043 2106 2121 2136 742.
2145 2115 2207 2145 pro
2230 2117 2388 2139 serenam
2409 2110 2492 2150 legit
2514 2121 2570 2144 sc-

1492 2156 1604 2182 rena,
1629 2155 1675 2176 sc.
1699 2147 1873 2185 grandine.
1917 2150 2133 2187 apponamus
2160 2154 2265 2183 totum
2287 2155 2421 2187 locum:

1584 2192 1661 2222 Non
1682 2194 1793 2223 tantis
1818 2194 1923 2233 Hyas
1950 2195 2108 2228 inserena
2131 2201 2257 2231 nimbis

1589 2238 1719 2269 Terras
1745 2240 1869 2280 obruit,
1894 2246 1959 2272 aut
1979 2243 2096 2274 soluta
2117 2244 2229 2286 Plias,

1586 2284 1710 2321 Qualis
1729 2295 1797 2324 per
1822 2296 1947 2318 cuneos
1974 2288 2080 2320 hiems
2103 2289 2251 2323 Latinos

1542 2371 1550 2378 ·
1584 2330 1719 2360 Plebem
1741 2334 1915 2372 grandine
1938 2338 2092 2366 concutit
2113 2345 2278 2369 serenam.

1494 2373 1550 2402 ubi
1585 2375 1727 2413 primum
1760 2386 1823 2414 pro
1856 2379 1955 2410 Plias
1988 2381 2201 2414 scribendum
2225 2394 2299 2415 esse
2321 2387 2440 2420 Pleias
2463 2398 2566 2430 supra

1492 2421 1608 2470 monui
1642 2422 1684 2451 ad
1712 2421 1838 2453 Tiburt.
1872 2426 1976 2455 Mani.
2012 2435 2042 2456 v.
2070 2430 2124 2459 95.
2171 2430 2303 2462 Deinde
2325 2435 2431 2465 oculis
2454 2436 2567 2468 incur-

1492 2467 1538 2493 rit
1563 2466 1741 2518 pauperies
1773 2470 1938 2500 sermonis
1970 2472 2059 2510 Hyas
2092 2476 2275 2508 inserena:
2320 2480 2409 2517 quod
2433 2481 2567 2518 quidem

1492 2510 1573 2542 ferri
1603 2516 1726 2554 posset,
1762 2514 1827 2545 nisi
1858 2516 1951 2548 aliud
1984 2519 2144 2550 obstaret.
2191 2522 2275 2553 Vide
2301 2524 2400 2556 enim.
2420 2527 2512 2559 Infra
2534 2538 2565 2560 v.

1494 2557 1549 2588 28.
1573 2558 1654 2589 dicit
1678 2562 1790 2599 poeta,

1583 2604 1678 2635 Ecce
1708 2612 1821 2637 autem
1844 2617 1971 2638 caveas
1998 2609 2090 2640 subit
2109 2621 2177 2650 per
2196 2623 2314 2647 omnes

1585 2651 1739 2692 Insignis
1766 2655 1899 2693 specie,
1924 2655 2049 2685 decora
2074 2658 2169 2687 cultu

1586 2698 1706 2728 Ple-bes
1732 2700 1866 2735 altera,
1890 2710 1958 2730 non
1983 2704 2097 2732 minor
2119 2704 2275 2736 sedente:

1493 2743 1594 2782 Atqui
1631 2744 1725 2774 nulla
1758 2745 1795 2775 in
1823 2746 2100 2783 praecedentibus
2123 2751 2248 2783 mentio
2273 2753 2377 2791 plebis
2401 2756 2565 2798 sedentis,

1493 2790 1584 2828 quod
1607 2793 1719 2820 tamen
1742 2790 1814 2822 fleri
1838 2794 1972 2830 oportet
1993 2796 2030 2823 ut
2051 2794 2134 2826 baec
2158 2797 2361 2831 cohaereant
2377 2803 2410 2831 et
2426 2811 2565 2841 respon-

1494 2837 1595 2867 deant
1618 2836 1857 2874 superioribus.
1881 2839 1983 2877 Lege,

1583 2882 1718 2913 Plebem
1740 2885 1911 2923 grandine
1939 2888 2094 2917 concutit
2121 2887 2300 2919 sedentem.

1491 2929 1568 2957 Jam
1598 2929 1769 2959 sedentem
1799 2929 1900 2960 habes
1932 2930 2017 2961 hanc
2047 2933 2200 2974 plebem,
2236 2937 2270 2964 et
2301 2935 2442 2967 alteram
2463 2937 2564 2969 mini-

1493 2975 1655 3004 strantem
1678 2976 1829 3015 plebem,
1863 2985 1933 3005 non
1958 2975 2121 3008 minorem
2146 2980 2294 3010 sedente.
2338 2982 2384 3012 Et
2405 2991 2487 3014 sane
2513 2986 2565 3015 te—

1492 3021 1602 3050 statur
1631 3018 1695 3049 Dio
1728 3019 1800 3050 Lib.
1835 3021 1999 3052 Lxxvn.
2052 3024 2280 3055 Domitianum
2313 3028 2425 3059 solere
2447 3030 2566 3070 largiri

1492 3065 1598 3095 multa
1631 3065 1793 3102 spectanti
1822 3066 1967 3106 populo,
2011 3069 2045 3097 et
2069 3070 2224 3101 convivia
2247 3080 2485 3114 nonnunquam
2511 3077 2565 3107 fa-

1493 3118 1571 3140 cere
1603 3111 1720 3140 eodem
1753 3112 1829 3142 loco
1864 3113 2069 3144 sedentibus.
2123 3117 2295 3156 Originem
2318 3120 2444 3152 erroris
2467 3121 2566 3162 tetigi

1491 3154 1527 3185 in
1557 3157 1700 3186 Praefat.
1733 3165 1852 3195 nempe
1890 3166 1934 3187 ex
1969 3159 2149 3192 coalitione
2181 3162 2244 3195 τοῦ
2275 3169 2309 3195 te
2333 3166 2369 3196 in
2393 3177 2437 3198 a:
2475 3168 2565 3199 unde

1492 3210 1554 3239 pro
1589 3203 1748 3233 sedetiam
1777 3204 1929 3234 fecerunt
1959 3213 2128 3236 serenam.
2182 3209 2270 3239 Edit.
2296 3211 2405 3244 Parin.
2429 3213 2566 3245 exhibet

1493 3256 1660 3279 severam.
1704 3249 1814 3281 Sensu
1838 3250 2013 3289 restituto,
2041 3252 2206 3285 laboranti
2227 3255 2401 3290 Latinitati
2423 3268 2562 3292 succur-

1873 3294 2020 3341 Dd2
