2892 3840
364 401 434 454 74
755 393 757 396 ’
1067 408 1111 448 Ρ.
1180 404 1543 444 PAP1N11
1610 404 1938 446 s'rA'r11
2012 427 2017 438 .

366 523 536 576 Officio
573 530 740 574 careat
765 523 1048 588 glaucarum
1080 519 1217 567 nulla
1250 531 1492 569 sororum.

365 614 496 663 Huic
529 614 686 662 multo
719 614 926 663 Proteus
938 646 952 671 ,
983 610 1279 673 geminoque
1310 606 1426 656 huic
1458 621 1663 672 corpore
1699 606 1876 656 Triton
2168 652 2171 656 ,
2539 615 2604 659 35

365 703 655 763 Praenatet3
687 710 738 750 et
769 701 946 750 subitis
979 700 1063 764 qui
1096 698 1318 763 perdidit
1345 699 1554 760 inguina
1587 699 1827 747 monstris

367 793 580 841 Glaucus
594 825 608 850 ,
636 791 796 840 adhuc
830 790 1023 854 quoties
1049 787 1227 852 patriis
1257 787 1489 835 allabitur
1525 789 1628 835 orisv

366 880 622 930 Litoream
656 877 840 927 blanda
866 878 1053 926 feriens
1086 875 1392 924 Anthedona
1427 877 1599 924 cauda.

371 971 448 1020 Tu
478 979 648 1018 tamen
683 975 799 1017 ante
834 982 1036 1026 omneS,
1073 966 1194 1016 diva
1222 981 1335 1014 cum
1373 974 1534 1014 matre
1564 966 1854 1026 Palaemon,
2869 959 2892 1031 ἐξ

368 1056 573 1116 Annue,
606 1060 649 1106 si
681 1064 878 1108 vestras
913 1071 1054 1105 amor
1085 1063 1162 1103 est
1195 1056 1322 1103 mihi
1363 1055 1586 1119 pandere
1623 1055 1839 1115 Thebas,
2550 1060 2618 1105 40

367 1147 471 1196 Nec
507 1162 629 1195 cano
665 1148 900 1210 degeneri
933 1147 1222 1195 Phoebeum
1256 1145 1544 1210 Amphiona
1572 1147 1774 1211 plectro.

368 1235 436 1283 Et
467 1244 638 1301 pater,
673 1236 851 1285 Aeolio
882 1237 1069 1298 frangit
1100 1237 1184 1299 qui
1220 1252 1413 1285 carcere
1448 1244 1649 1295 ventoS‚

371 1325 466 1375 Cui
494 1329 624 1376 varii
655 1328 828 1387 flatus,
862 1329 1122 1392 omnisque
1153 1342 1242 1391 per
1278 1341 1496 1391 aequora
1528 1327 1673 1392 ponti

374 1417 618 1478 Spiritus,
645 1424 793 1482 atque
827 1416 1019 1464 hiemes
1047 1415 1375 1479 nimbosaque
1410 1416 1583 1463 nubila
1616 1423 1816 1478 parent,

373 1504 574 1558 Arctius
607 1506 800 1568 objecto
832 1506 1052 1563 Borean,
1083 1504 1397 1567 Eurumque,
1434 1503 1721 1566 Notumque
2552 1506 2619 1550 45

375 1592 547 1642 Monte
575 1603 797 1660 premat:
833 1596 927 1645 soli
963 1594 1184 1658 zephyro
1220 1594 1287 1640 sit
1319 1593 1462 1657 copia
1498 1591 1639 1649 caeli,

376 1682 523 1732 Solus
554 1692 669 1747 agat
700 1700 919 1751 puppes3
954 1696 1272 1746 summasque
1307 1688 1599 1746 supernatet
1625 1679 1789 1729 undas

376 1771 624 1822 Assiduus
656 1775 855 1839 pelag03
889 1774 1047 1822 donec
1080 1780 1193 1830 tua,
1225 1771 1423 1818 turbine
1453 1771 1609 1834 nullo,

377 1861 535 1910 Laeta
560 1863 837 1912 Paretoniis
867 1865 1088 1925 assignet
1117 1860 1322 1910 carbasa
1349 1861 1489 1923 ripis.

2866 1814 2888 1839 :⁸
2862 1659 2892 1802 ··1«·»ffl{-;21,
2863 1564 2879 1575 ¹⁵·
2871 1539 2892 1553 ξ,
2875 1471 2892 1505 ,ι’
2863 1362 2887 1387 ³„
2879 1334 2882 1341 ⁴
2877 1319 2879 1321 ·
2875 1287 2892 1304 j.

376 1949 650 1999 Audimur:
686 1959 835 2002 vocat
866 1953 976 2015 ipse
1011 1957 1201 2007 ratem,
1235 1956 1515 2013 nautasque
1550 1955 1809 1999 morantes
2554 1955 2621 2000 50

377 2041 616 2106 Increpat.
687 2044 806 2092 inde
836 2058 1007 2093 meum
1037 2041 1215 2090 timido
1240 2043 1348 2103 jam
1374 2042 1557 2103 frigore
1589 2048 1763 2105 pectus

378 2127 612 2190 Labitur,
647 2139 698 2179 et
732 2147 952 2197 nequeo,
982 2134 1212 2197 quamvis
1248 2139 1423 2181 movet
1456 2133 1639 2179 ominis
1669 2131 1863 2189 horror,

383 2216 628 2267 Claudere
663 2236 931 2285 suspensos
963 2222 1217 2269 oculorum
1245 2223 1300 2268 in
1329 2221 1553 2282 margine
1587 2220 1747 2268 fletus.

383 2304 592 2371 Jamque
627 2317 789 2358 ratem
817 2313 962 2360 terris
997 2311 1172 2361 divisit
1202 2311 1321 2358 fune
1351 2310 1517 2357 soluto

382 2394 596 2456 Navita,
628 2407 679 2445 et
704 2408 971 2462 angustum
1005 2399 1187 2462 dejecit
1214 2401 1270 2446 in
1305 2412 1521 2462 aequora
1550 2404 1781 2463 pontem:
2561 2404 2622 2453 55

385 2482 578 2535 Saevus
616 2495 667 2534 et
701 2504 728 2535 e
756 2491 914 2553 puppi
947 2490 1094 2551 longo
1125 2489 1340 2537 clamore
1373 2489 1613 2550 magister

385 2573 614 2640 Dissipat
641 2580 928 2643 amplexus,
961 2588 1108 2644 atque
1146 2579 1313 2626 oscula
1337 2573 1439 2626 fida
1468 2577 1686 2634 revellit,

387 2661 492 2712 Nec
524 2665 727 2727 longum
752 2682 866 2715 cara
893 2668 1009 2715 licet
1037 2670 1093 2715 in
1126 2669 1316 2716 cervice
1343 2667 1542 2714 morari.
2872 2658 2886 2712 Ᾰ

390 2752 630 2803 Attamen
661 2759 715 2804 in
746 2765 903 2805 terras
940 2775 967 2805 e
996 2759 1142 2822 plebe
1171 2758 1477 2806 novissimus
1514 2758 1651 2804 omni

391 2842 504 2902 Ibo,
529 2860 621 2893 nec
656 2846 882 2908 egrediar
906 2848 1005 2894 nisi
1028 2847 1137 2908 jam
1172 2848 1378 2894 cedente
1407 2849 1589 2895 carina.
2560 2851 2627 2898 60

396 2933 517 2992 Quis
540 2937 691 2996 rude,
723 2946 774 2986 et
806 2938 1080 2986 abscissum
1115 2940 1312 2987 miseris
1346 2939 1684 2988 animantibus
1716 2951 1903 3002 aequor

396 3023 538 3072 Fecit
568 3023 694 3074 iter?
722 3022 1007 3089 solidaeque
1037 3029 1147 3094 pios
1181 3029 1370 3078 telluris
1408 3029 1635 3078 alumnos

488 3233 529 3263 V.
555 3235 609 3265 35.
631 3236 728 3275 vulg.
750 3237 883 3276 gemino
907 3246 991 3270 nme
1014 3246 1060 3270 m·
1087 3248 1239 3279 corpore.
1284 3240 1340 3272 43.
1366 3247 1491 3271 mmm.
1538 3239 1594 3270 44.
1618 3245 1662 3269 Ac
1687 3236 1825 3268 hiemes.
1875 3238 1927 3268 51.
1953 3240 2048 3266 εσσε.
2097 3235 2149 3266 56.
2171 3241 2230 3266 UBI
2260 3243 2278 3265 e
2304 3234 2417 3274 puppi.
