2892 3840
338 412 413 465 84
1047 416 1550 459 P.PAP1N11
1619 407 1938 461 swa-ru

349 538 585 603 Quaeque
620 551 768 592 suum
795 536 947 586 Dacis
980 534 1136 583 donat
1168 532 1435 582 clementia
1461 518 1711 583 montem:
2507 597 2509 599 ι

351 628 491 689 Quae
521 628 674 677 modo
703 628 1047 676 Marcomanos
1080 630 1197 689 post
1227 623 1434 673 horrida
1466 624 1624 685 bella,
1655 638 1912 691 vagosque·
2206 651 2211 657 ε
2248 645 2259 650 >·
2281 625 2298 630 ’“
2492 606 2595 676 1376
2616 643 2619 646 ¹
2740 607 2754 619 ‘

349 719 673 768 Sauromatas
703 716 849 765 Latio
882 729 987 762 non
1016 721 1095 762 est
1121 713 1328 778 dignata
1359 716 1628 782 triumpho.
2343 718 2345 721 ⁴
2485 708 2490 712 ³

349 808 560 873 Jamque
586 810 641 855 in
669 809 767 855 fine
799 807 934 866 dieS,
970 813 1022 853 et
1049 807 1365 856 inexorabile
1393 823 1610 873 pensum

316 948 319 951 a
349 898 542 946 Deficit.
611 898 692 945 hic
726 897 909 944 moesti
941 896 1106 959 pietas
1135 911 1218 944 me
1251 898 1416 960 poscit
1443 897 1645 946 Etrusci
2255 923 2258 926 ⁴
2491 900 2493 902 ’
2532 888 2594 967 '523'

349 987 525 1046 Qualia
553 1002 646 1034 nec
676 985 871 1034 Siculae
901 984 1228 1034 moderantur
1254 987 1477 1035 carmina
1507 1001 1679 1051 rupes,
2560 963 2595 1051 ζ

346 1075 451 1125 Nec
477 1077 569 1123 fati
593 1077 703 1137 jam
739 1080 902 1122 certus
940 1074 1071 1132 olor,
1101 1077 1341 1140 saevique
1366 1077 1551 1125 marita
2500 1059 2595 1122 1³75

348 1165 548 1214 Tereos.
618 1164 733 1213 Heu
763 1166 962 1230 quantis
991 1165 1266 1213 lassantem
1295 1165 1498 1213 brachia
1526 1165 1638 1216 vidi

345 1255 655 1314 Plancfibus,
688 1262 740 1303 et
769 1269 926 1321 prono
967 1254 1136 1301 fusum
1162 1269 1313 1317 super
1340 1254 1509 1302 oscula
1538 1254 1711 1304 vultu!

345 1346 449 1394 Vix
484 1348 687 1405 famuli,
718 1349 1022 1410 comitesque
1060 1351 1259 1402 tenent,
1290 1345 1387 1396 vix
1418 1344 1603 1392 arduus
1630 1346 1764 1407 ignis

348 1438 640 1486 Submovet.
710 1435 846 1483 haud
876 1436 1021 1483 aliter
1052 1435 1242 1496 gemuit
1271 1436 1494 1498 perJ‘uria
1529 1434 1757 1483 Theseus
2487 1500 2489 1502 q

347 1528 519 1577 Litore
551 1542 647 1591 quo
675 1527 815 1576 falsis
845 1526 1111 1589 deceperat
1135 1524 1307 1587 Aegea
1338 1526 1484 1576 velis.
2326 1524 2328 1528 '
2463 1544 2467 1548 ·
2502 1522 2602 1574 180

351 1617 490 1666 Tunc
519 1618 740 1665 immane
775 1617 1021 1673 fremens,
1054 1615 1383 1680 foedatusque
1418 1631 1530 1674 ora,
1564 1623 1796 1681 tepentes
2501 1615 2505 1619 ’

347 1708 543 1758 Affatur
572 1709 787 1755 cineres:
822 1705 921 1754 Cur
952 1721 1069 1764 nos,
1106 1705 1373 1764 fidissime,
1403 1706 1587 1770 linquis

348 1799 576 1848 Fortuna
608 1797 881 1854 redeunte,
914 1795 1090 1859 pater‘.l
1124 1796 1276 1844 modo
1312 1797 1523 1844 numina
1551 1799 1722 1860 magni

349 1889 630 1947 Praesidis,
666 1893 813 1949 atque
846 1886 1026 1934 breves
1059 1884 1307 1948 Superum
1334 1888 1628 1948 pacavimus
1661 1888 1781 1945 iras,

348 1979 454 2029 Nec
487 1978 693 2035 frueris3
731 1976 955 2038 tantique
994 1974 1196 2022 orbatus
1227 1977 1449 2023 muneris
1478 1990 1575 2024 usu
2501 1976 2596 2023 185

349 2069 434 2117 Ad
461 2082 663 2125 manes,
694 2067 917 2126 ingrate,
948 2064 1093 2125 fugis.
1162 2078 1255 2110 nec
1288 2064 1486 2112 flectere
1516 2064 1713 2124 Parcas,

349 2158 454 2207 Aut
482 2158 680 2221 placare
713 2154 876 2202 malae
908 2153 1056 2200 datur
1086 2167 1266 2215 aspera
1297 2153 1508 2200 numina
1537 2152 1753 2202 Lethes?

347 2249 525 2306 Felix,
555 2248 634 2295 cui
662 2259 845 2306 magna
873 2249 1070 2308 patrem
1106 2243 1298 2291 cervice
1331 2242 1544 2292 vehenti

350 2338 504 2387 Sacra
526 2336 830 2397 Mycenaeae
860 2334 1025 2397 patuit
1052 2333 1339 2382 reverentia
1371 2332 1631 2380 flammae!

352 2427 544 2491 Quique
575 2433 717 2472 tener
745 2424 912 2472 saevis
950 2424 1226 2484 genitorem
1255 2422 1421 2486 Scipio
1453 2422 1635 2470 Poenis
2427 2485 2431 2489 1
2500 2425 2599 2474 190

349 2515 598 2573 Abstulit,
635 2521 686 2560 et
718 2512 851 2573 Lydi
882 2513 1045 2576 pietas
1080 2514 1350 2560 temeraria
1377 2512 1546 2576 Lausi.

350 2608 484 2668 Ergo
516 2612 567 2652 et
595 2604 870 2651 Thessalici
901 2603 1088 2663 conjux
1114 2618 1327 2668 pensare
1358 2602 1529 2649 mariti

352 2696 554 2752 Funus,
590 2701 641 2740 et
673 2694 922 2740 immitem
955 2692 1121 2756 potuit
1155 2691 1313 2753 Styga
1345 2692 1547 2740 vincere
1588 2688 1805 2754 supplex

355 2783 629 2835 Thracius'.l
664 2782 729 2829 ah
758 2788 943 2846 quanto
972 2781 1151 2829 melius
1177 2797 1269 2845 pro
1302 2788 1445 2845 patre
1471 2781 1669 2828 liceret!

353 2875 468 2926 Non
497 2879 632 2921 totus
664 2872 859 2935 rapiere
894 2878 1092 2930 tamen,
1132 2886 1225 2919 nec
1261 2872 1439 2919 funera
1464 2870 1664 2917 mittam
2499 2873 2594 2920 195

354 2965 596 3029 Longius:
628 2962 710 3010 hic
740 2975 944 3021 manes,
979 2962 1060 3011 hic
1092 2963 1226 3010 intra
1253 2968 1384 3010 tecta
1419 2959 1614 3009 tenebo.

448 3208 487 3237 V.
516 3208 590 3238 180.
611 3206 710 3246 vulg.
740 3215 809 3244 qm.
858 3207 955 3247 [181.
980 3214 1164 3251 rasurus,
1198 3210 1298 3241 antea
1325 3213 1474 3241 cenans.
1508 3212 1575 3239 ΕΒ.
1598 3206 1683 3246 ma]
1737 3203 1812 3237 184.
1837 3207 2069 3235 tumeamus.
2118 3201 2182 3233 186
2206 3205 2348 3232 temne.
2403 3200 2478 3233 192.
2503 3200 2596 3242 Ergo

353 3262 546 3295 Thessalici.
600 3263 675 3295 193.
705 3271 859 3295 mama.
