2892 3840
382 390 482 464 188
1205 390 1392 443 NOTAE
1426 401 1496 440 AD
1530 389 1635 440 Lm.
1662 387 1697 437 I.
1735 390 1781 436 3.
2520 403 2618 454 94⁰

384 521 442 554 ubi
466 521 509 553 de
535 522 759 561 separatione
782 520 934 551 Iocorum
955 516 1148 549 interventu
1172 525 1332 556 aquarum
1354 525 1466 548 sermo

387 570 450 600 est.
495 569 568 599 Nec
587 567 706 597 melius
732 566 911 597 Gevartius
935 564 970 594 in
992 565 1101 594 altera
1129 571 1233 603 voce,
1249 561 1369 603 fluvii.
1392 562 1466 602 qula

388 614 478 645 enim
502 606 647 652 unquam
670 612 844 650 usurpavit
866 619 984 641 vocem
998 608 1136 649 fluvius
1161 609 1328 647 adjective
1351 610 1384 639 et
1402 618 1466 648 pro

388 660 562 700 epitheto!
590 660 623 689 et
650 658 678 688 si
704 657 857 695 exempla
879 656 1015 694 hujusce
1044 663 1127 685 usus
1154 655 1341 695 proten-et,
1366 663 1467 686 aures

388 709 503 737 tamen
533 704 683 736 eruditae
709 712 775 733 uon
797 702 923 732 ferrent
947 700 1043 731 istam
1065 700 1334 739 conjunctionem
1348 722 1358 741 ,
1394 699 1468 741 flu-

389 754 443 784 vii
466 750 615 792 fluctus.
670 748 783 780 Sensit
813 748 877 777 hoc
911 746 1199 786 praeclarissimus
1233 749 1275 779 N.
1307 746 1467 779 Heinsius

390 799 447 838 qui
471 797 514 828 ad
538 794 707 828 Claudiau.
732 804 764 832 p.
797 794 851 825 43.
876 792 972 833 legit,

883 837 943 869 Sic
967 837 1134 869 Chalcida
1147 836 1285 878 fluctus

478 884 682 924 Dispescunt
708 881 830 913 reflui:

387 933 530 972 probum
566 929 696 968 quidem
730 928 818 968 hoc,
865 928 899 958 et
936 928 1075 960 nomine
1095 928 1280 961 Heinsiano
1305 931 1465 971 dignum3

386 978 468 1009 licet
493 978 570 1007 ante
597 984 672 1005 eum
698 975 847 1004 Cruceus
873 974 1058 1012 conjecerit
1089 973 1203 1014 reflui.
1252 978 1470 1018 Dispeseunt

387 1025 438 1053 est
460 1025 639 1061 separant.
686 1020 815 1050 Plinius
841 1020 880 1049 N.
908 1021 950 1050 Η.
973 1023 1013 1062 V,
1044 1022 1075 1050 9.
1109 1021 1150 1051 de
1179 1021 1277 1054 Nilo:
1311 1025 1403 1055 Inde
1422 1024 1468 1055 Α-

378 1070 518 1113 fricant
539 1067 583 1097 ab
607 1065 791 1105 Aethiopia
815 1065 1010 1105 dispescens
1042 1068 1105 1096 etc.
1161 1067 1281 1100 Festus
1315 1070 1468 1103 Avienus

387 1115 465 1146 Orb.
489 1114 606 1142 Descr.
627 1120 660 1141 v.
691 1113 778 1143 1295
805 1112 846 1141 de
870 1113 953 1143 Indo
977 1112 1132 1143 flumine:

476 1159 683 1189 Innumeras
719 1159 805 1189 idem
832 1157 992 1197 dispescit
1006 1157 1154 1198 flumine
1180 1164 1313 1199 gentes.

385 1202 505 1245 refluis
529 1203 705 1236 fluctibus:
739 1203 787 1235 ita
813 1204 973 1235 Thebaid.
996 1207 1068 1245 Vll,
1095 1204 1172 1236 334.

824 1251 1033 1290 refluumque
1058 1255 1175 1282 meatu

474 1294 650 1334 Euripum.

385 1340 556 1372 Ausonius
582 1341 752 1380 Epigram.
781 1342 811 1373 3.

478 1388 577 1426 Quod
609 1389 643 1419 si
663 1388 735 1428 lege
760 1388 869 1418 maris
893 1387 1021 1420 refluus
1041 1389 1127 1421 mihi
1157 1395 1320 1422 curreret
1350 1389 1470 1423 amnis.

386 1432 432 1463 Et
456 1434 569 1464 tamen
586 1455 595 1473 ‚
637 1435 674 1462 ut
701 1442 820 1464 verum
846 1434 971 1475 fatear,
1010 1436 1052 1466 de
1077 1439 1218 1475 utraque
1243 1440 1338 1476 parte
1363 1437 1470 1469 Hein-

387 1478 504 1509 sianae
544 1478 792 1509 emendationis.
820 1479 992 1510 addubito.
1054 1482 1198 1513 Primum
1237 1484 1325 1514 enim
1359 1484 1470 1516 levior

387 1524 469 1555 mihi
496 1523 635 1555 videtur
655 1525 840 1564 medicina,
866 1525 893 1554 si
918 1526 1041 1556 minori
1065 1529 1272 1571 mutatione,
1298 1530 1390 1570 legas

827 1571 880 1602 εἰὀ
909 1571 1076 1604 Chalcida
1091 1573 1233 1614 fluctus

477 1615 681 1654 Dispel'lunt.

390 1660 521 1691 Omissa
556 1661 663 1699 prima
688 1668 808 1690 versus
833 1660 932 1692 litera
958 1662 1015 1700 D,
1061 1672 1106 1694 ex
1130 1665 1297 1705 ispellunt
1317 1665 1471 1696 fecerunt

389 1708 577 1747 expellunt.
640 1709 766 1739 Sensus
809 1709 859 1737 est
894 1708 995 1739 idem.
1048 1709 1240 1743 Priscianus
1274 1711 1405 1751 Perieg.
1438 1719 1470 1742 v.

479 1796 533 1828 Et
553 1798 614 1838 qui
637 1797 815 1835 Trojanue
830 1803 917 1837 post
933 1801 1076 1838 praelia
1097 1805 1208 1841 gentis
1233 1802 1370 1834 Achaei

479 1842 676 1882 Ascalaphi
697 1846 790 1883 regis
810 1845 977 1875 victricia
1004 1847 1106 1887 signa
1128 1853 1320 1888 sequentes,

479 1888 629 1927 Dispulsi
653 1892 765 1920 ventis
791 1891 881 1920 istas
907 1899 1031 1922 venere
1054 1894 1115 1923 sub
1142 1903 1250 1928 oras.-

390 1931 415 1963 i.
440 1942 468 1964 e.
495 1936 662 1974 separati.
708 1935 866 1974 Virgilius
899 1937 983 1967 Aen.
1014 1939 1051 1978 1,
1081 1941 1159 1970 511.

829 1987 909 2012 ater
932 1992 1015 2022 quos
1040 1994 1188 2025 aequore
1217 1986 1318 2017 turbo

480 2025 700 2065 Dispulerat,
720 2028 929 2067 penitusque
954 2030 1046 2060 alias
1070 2037 1246 2063 avexerat
1271 2041 1379 2065 oms:

393 2071 493 2102 turbo
524 2072 726 2112 dispulerat,
766 2075 802 2103 ut
814 2072 953 2113 fluctus
974 2076 1166 2114 dispellunt.
1214 2080 1389 2117 Utcunque
1417 2077 1472 2119 sit,

393 2117 532 2149 omnino.
561 2117 744 2156 requiritur
776 2128 843 2149 vox
876 2119 988 2159 aliqua
1019 2131 1104 2160 quae
1140 2123 1259 2163 incipit
1292 2134 1312 2155 a
1347 2124 1474 2164 syllaba

393 2164 461 2199 dis,
482 2164 523 2194 ad
552 2163 775 2194 denotandam
805 2164 935 2197 scilicet
961 2169 1186 2208 divisionem·;
1210 2173 1247 2201 ut
1271 2179 1369 2201 versu
1397 2180 1474 2209 pro-

391 2209 486 2240 xime
518 2210 671 2247 sequenti
702 2211 904 2241 dissociata.
958 2214 1089 2245 Deinde
1115 2214 1253 2255 fluctus
1287 2216 1393 2257 reflui
1415 2216 1475 2247 vix

394 2254 528 2285 videtur
554 2255 741 2294 elegantiae
767 2257 960 2299 Statianae,
989 2269 1060 2290 cum
1086 2263 1229 2301 utraque
1257 2272 1324 2293 vox
1352 2265 1392 2294 ab
1417 2272 1476 2294 eo-

394 2300 471 2330 dem
494 2303 620 2341 verb0‚
652 2303 740 2340 quod
766 2305 816 2333 est
828 2302 928 2343 fluo,
963 2305 1154 2339 derivetur:
1189 2318 1286 2348 quam
1314 2309 1476 2349 composi-

393 2345 520 2378 tionem
546 2347 692 2378 maxime
716 2348 823 2379 vitant
844 2350 1027 2388 scriptores
1052 2354 1185 2385 eruditi.
1233 2356 1337 2397 Lego,

835 2396 898 2428 Sic
931 2397 1098 2431 Chalcida
1121 2401 1241 2432 fluctus

485 2437 691 2478 Dispellunt
712 2439 831 2480 refugi.

393 2483 551 2516 Lucanus
576 2487 614 2522 1,
639 2486 718 2516 419.

837 2541 914 2562 eum
928 2535 1097 2575 funditur
1120 2537 1242 2577 ingens

488 2573 671 2614 Oceanus,
695 2575 753 2604 vel
774 2586 849 2608 cum
872 2580 999 2619 refugis
1022 2590 1060 2612 se
1088 2582 1243 2614 fluctibus
1269 2586 1403 2628 aufert.

396 2619 535 2650 ovidius
554 2620 690 2651 Heroid.
714 2621 836 2663 XVIII,
865 2627 942 2655 181.

492 2665 585 2696 Velle
609 2668 691 2707 quid
712 2673 768 2697 est
789 2670 886 2699 aliud
900 2672 1084 2712 fugientia
1099 2674 1278 2711 prendere
1288 2685 1396 2714 poma
1407 2698 1423 2719 5

535 2711 701 2751 Spemque
725 2722 787 2743 suo
811 2715 920 2754 refugi
950 2716 1095 2746 fluminis
1118 2727 1177 2749 ore
1201 2719 1328 2760 sequi?

396 2755 546 2787 Alcimus
571 2758 693 2788 Avitus
714 2760 778 2799 IV,
804 2761 883 2792 471.
909 2761 950 2791 de
974 2761 1131 2793 Diluvio:

488 2804 692 2845 Insequitur
714 2808 828 2835 tamen
856 2816 1029 2845 oceanus,
1053 2808 1245 2848 refugisque
1271 2809 1407 2842 fluentis

488 2850 666 2889 Imminet,
691 2854 724 2879 et
749 2852 860 2882 salsis
884 2855 1029 2893 impellit
1055 2855 1202 2886 molibus
1227 2865 1360 2888 amnes.

397 2891 489 2925 Idem
512 2898 624 2927 tamen
650 2903 730 2925 mox
758 2907 788 2928 v.
819 2899 896 2929 544.

491 2942 589 2974 Tunc
630 2949 772 2974 reserat
806 2952 972 2976 suntmam
1002 2945 1143 2976 sublimi
1172 2956 1196 2977 a
1222 2947 1350 2989 fiante
1374 2949 1476 2991 fine-

617 2992 733 3018 stram

488 3030 635 3064 Emissa
658 3034 784 3065 refluos
806 3034 965 3073 erploret
985 3040 1027 3067 ut
1047 3036 1132 3067 alite
1161 3036 1292 3067 fluctus.

403 3075 558 3109 Sidonius
582 3088 713 3118 quoque
736 3079 942 3118 Apollinaris
970 3084 1079 3112 Carm-
1106 3083 1179 3123 VII,
1207 3083 1285 3115 393.

666 3124 808 3166 jamque
837 3128 885 3156 ad
903 3129 1050 3166 populos
1074 3138 1119 3159 ac
1144 3138 1234 3159 rura
1248 3130 1370 3171 feroci

496 3164 607 3199 Tenea
639 3169 755 3244 fetae
774 3173 958 3212 protendit
984 3177 1074 3218 iter,
1111 3184 1181 3217 qua
1201 3175 1328 3217 pulsus
1353 3176 1396 3208 ab
1419 3184 1481 3208 ae-

617 3220 635 3244 s
655 3223 676 3244 ιι

1627 513 1791 547 Oceanus
1826 512 1968 544 refluum
1997 514 2137 554 spargit
2155 523 2224 554 per
2263 514 2361 547 eulta
2385 513 2617 553 Garumnam,

1579 582 1584 588 .
1625 561 1671 592 In
1689 559 1823 601 flumen
1847 562 2010 589 currente
2033 561 2148 590 muri.-
2177 563 2398 593 transcendit
2422 569 2569 592 amarus

1624 607 1768 639 Blanda
1793 603 1937 645 fluenta
1960 604 2081 642 latex,
2096 603 2272 647 fluviique
2303 609 2456 648 impacta
2474 615 2542 648 per
2566 605 2617 638 al-

1754 660 1853 682 veunt

1629 694 1739 726 Salsu
1759 697 1983 738 peregrlnum
2009 695 2077 725 siba·
2094 696 2247 736 navigat
2267 697 2361 727 unda
2378 699 2616 740 profundum-⁸

1536 739 1594 772 ubi
1617 743 1732 771 tamen
1752 752 1820 774 non
1845 740 1992 781 refluum
2006 739 2178 781 fluvium,
2203 741 2263 771 sed
2291 741 2516 774 Garumnam.
2550 745 2617 775 No·

1535 786 1638 817 tanda
1659 796 1741 818 vero
1776 791 1811 819 et
1837 788 2044 826 increpanda
2071 786 2199 818 Sidonii
2228 787 2379 827 incuria,
2417 788 2472 826 qui
2498 789 2534 820 ‘m
2559 798 2618 821 ea-

1537 832 1613 862 dem
1636 835 1806 866 sententia
1827 835 1933 865 utitur
1955 833 2094 864 vocibus
2116 832 2284 873 refluum,
2310 833 2462 875 flumen,
2476 833 2618 873 fluenta

1536 880 1570 908 et
1584 876 1713 919 fluvii,
1747 889 1851 920 usque
1881 880 1923 910 ad
1946 888 2127 920 nauseam,
2163 881 2196 909 et
2222 888 2309 918 pene
2340 879 2543 910 Barbariem.
2565 889 2619 912 re·

1528 925 1644 967 fugae
1667 926 1811 966 Tethyos
1835 926 1964 967 undae,
1988 925 2149 956 Priscian.
2174 925 2304 964 Pei-leg.
2334 935 2365 956 v.
2390 927 2470 957 689.
2496 926 2619 968 refugo

1536 970 1615 1001 Nilo
1653 971 1782 1004 Lucan.
1815 974 1912 1012 VIII,
1959 973 2038 1004 526.
2076 973 2110 1002 et
2138 971 2224 1002 Plin.
2256 973 2421 1012 Panegyr.
2458 972 2620 1015 refugunt

1535 1026 1641 1057 mare,
1668 1018 1838 1050 Ausonius
1859 1017 1967 1057 Epist.
1997 1019 2078 1058 VII,
2102 1018 2158 1049 42.
2186 1019 2220 1048 et
2246 1018 2469 1049 Mamertinus
2495 1019 2622 1061 Paneg.

1536 1062 1735 1096 Maximian.
1770 1075 1798 1096 c.
1829 1065 1916 1105 xli,
1963 1066 2112 1106 refugus
2138 1063 2268 1105 anmis,
2314 1063 2518 1095 Prudentius
2542 1064 2619 1096 adv.

1536 1111 1724 1149 Symmach.
1759 1113 1813 1151 11,
1859 1111 1940 1142 441.
1969 1111 2103 1152 refugis
2129 1109 2278 1152 yvndis,
2318 1111 2488 1142 Ausonius
2513 1110 2620 1150 Epist.

1535 1157 1625 1186 vm.
1658 1158 1692 1186 et
1724 1156 1848 1190 similia
1885 1155 2018 1196 passim.
2075 1156 2238 1187 Heinsius
2270 1165 2404 1197 quoque
2428 1157 2648 1196 conjecerat.

1534 1211 1574 1232 re
1597 1211 1618 1231 u
1641 1213 1663 1231 ι.

1568 1203 1691 1279 {aaa
1727 1244 1782 1276 An
1803 1249 1995 1285 picturata
2013 1247 2169 1278 lucentia
2193 1257 2369 1279 marmora
2394 1250 2499 1289 vena]
2524 1249 2620 1290 „Ms-

1534 1313 1559 1331 „
1570 1293 1765 1324 Medicaeus
1785 1294 1962 1331 [etVeuet.
1987 1293 2043 1323 Ex
2068 1294 2177 1333 Ana]
2204 1303 2265 1332 pro
2290 1304 2381 1326 vena
2402 1295 2502 1327 hahet
2522 1295 2622 1336 luna,

1537 1339 1662 1382 „quod
1694 1337 1774 1368 mihi
1808 1347 1970 1377 spernere
2006 1338 2151 1377 religio:
2194 1340 2369 1380 conjungit
2392 1341 2480 1372 enim
2506 1343 2620 1380 ponte·

1539 1395 1590 1427 „e
1617 1383 1798 1416 Numidico
1833 1386 1867 1414 et
1897 1385 2046 1415 Lunensi
2067 1394 2255 1425 marmore,
2300 1386 2341 1417 de
2366 1396 2432 1425 quo
2460 1386 2620 1420 Strabo-‘⁶

1537 1433 1630 1462 Haec
1663 1429 1855 1462 Gronovius
1897 1431 2005 1462 Diatr.
2051 1441 2080 1464 c.
2111 1432 2155 1462 X.
2188 1432 2324 1463 adducit
2353 1432 2476 1464 deinde
2507 1433 2623 1465 locun

1539 1477 1735 1518 Strabonis,
1758 1476 1812 1515 qui
1837 1478 1888 1507 est
1910 1477 1967 1508 lib.
1995 1478 2034 1507 V.
2059 1486 2090 1516 p.
2123 1479 2199 1510 153.
2226 1479 2316 1509 Edit.
2341 1481 2482 1510 casaub.
2506 1481 2540 1510 et
2563 1477 2623 1518 qui

1538 1524 1719 1555 lectionem
1744 1523 1826 1553 eod.
1851 1522 2029 1563 Medicaei,
2055 1525 2094 1554 ut
2120 1524 2200 1554 mihi
2227 1525 2372 1566 videtur,
2396 1526 2497 1565 plane
2524 1534 2623 1557 ever-

1539 1570 1590 1600 tit.
1648 1569 1739 1600 Dicit
1776 1568 1865 1599 enim
1901 1569 2120 1608 Geographus
2150 1572 2279 1601 tantum
2313 1580 2387 1602 esse
2422 1573 2623 1611 proventum

1538 1616 1715 1647 marmoris
1750 1615 1916 1645 Lunensis
1951 1617 1986 1645 ut
2017 1615 2178 1654 pleraque
2216 1617 2460 1656 elegantiorum
2481 1626 2621 1657 operum

1539 1664 1664 1694 Romae
1700 1663 1734 1691 et
1756 1661 1832 1691 aliis
1858 1660 1995 1692 urbibus
2019 1671 2062 1691 ex
2086 1671 2127 1692 eo
2153 1663 2273 1693 effecta
2298 1666 2421 1695 esseut.
2467 1663 2568 1703 Atqui
2592 1663 2622 1695 si

1535 1709 1706 1749 pleraque
1732 1717 1854 1747 opera,
1900 1707 2044 1738 absurde
2069 1708 2151 1738 fecit
2174 1709 2302 1741 Statius
2325 1710 2353 1740 si
2378 1720 2453 1741 cum
2479 1712 2622 1742 auratis

1542 1755 1701 1786 trabibus
1730 1756 1762 1783 et
1793 1753 1930 1783 Mauris
1952 1755 2134 1794 postibus,
2169 1757 2269 1786 rebus
2293 1756 2494 1798 rarissimis,
2542 1766 2623 1788 con-

1536 1800 1697 1839 jungeret
1720 1809 1871 1829 marmor
1899 1798 2071 1839 Lunense,
2094 1810 2166 1831 rem
2189 1802 2410 1841 vulgatissimi
2438 1811 2532 1836 usus.
2576 1803 2623 1834 Et

1542 1855 1624 1876 sane
1649 1854 1719 1876 non
1741 1845 1778 1875 in
1802 1844 1949 1875 maximo
1976 1846 2086 1884 pretio
2111 1846 2215 1877 fuisse
2242 1848 2304 1879 hoc
2326 1850 2473 1880 marmor
2497 1848 2624 1881 evincit

1539 1893 1636 1923 locus
1671 1890 1785 1922 Nostri
1822 1891 1856 1921 in
1889 1891 2078 1923 Eucharist.
2111 1893 2154 1923 ad
2178 1894 2302 1925 Domit.
2329 1904 2361 1925 v.
2387 1897 2444 1927 29.
2468 1896 2526 1927 ubi
2548 1897 2624 1934 post

1541 1939 1738 1969 enumerata
1774 1936 1842 1968 alia
1877 1947 2082 1969 marmorum
2128 1939 2452 1978 pretiosissimorum
2484 1951 2624 1985 genera,

1541 1984 1634 2016 addit

1633 2030 1794 2069 Lunaque
1816 2030 2011 2067 portandis
2038 2035 2173 2061 tantum
2197 2031 2351 2072 suffecta
2376 2033 2566 2065 columnis.-

1541 2075 1575 2107 id
1611 2078 1663 2106 est
1696 2084 1843 2106 marmor
1881 2076 2038 2107 Lunense
2070 2079 2199 2108 tantum
2235 2078 2270 2108 in
2300 2080 2407 2118 'pedes
2440 2080 2496 2110 vel
2527 2081 2626 2111 bases

1543 2122 1775 2153 columnarum
1794 2121 1977 2152 adhibitum
2001 2131 2075 2153 esse
2102 2124 2141 2154 in
2160 2125 2346 2156 Domitiani
2368 2125 2511 2166 Palatio,
2536 2126 2627 2166 qnod

1542 2168 1589 2200 ibi
1614 2167 1793 2199 describit:
1837 2167 1918 2198 licet
1954 2168 2096 2207 alicujus
2119 2179 2194 2201 esse
2216 2171 2338 2212 pretii,
2373 2181 2441 2203 non
2462 2173 2547 2204 tanti
2574 2175 2627 2204 ta-

1543 2224 1622 2246 men
1646 2217 1682 2245 ut
1705 2213 1844 2253 dignum
1871 2218 2068 2246 censeretur
2092 2216 2169 2247 aliis
2191 2217 2307 2248 usibus
2325 2218 2503 2250 inservire.
2546 2220 2628 2251 Non

1543 2261 1646 2301 igitur
1680 2262 1766 2291 bene
1802 2260 2011 2292 conveniunt
2040 2268 2193 2294 auratae
2218 2265 2337 2296 trabes
2363 2267 2398 2296 et
2424 2265 2550 2296 Maure·
2563 2275 2626 2306 po·

1544 2314 1616 2339 stes
1645 2314 1720 2338 cum
1748 2305 1904 2337 Lunensi
1925 2317 2106 2339 marmore.
2153 2309 2321 2341 Latinitas
2346 2311 2478 2350 quidem
2497 2310 2626 2350 patitur

1545 2363 1722 2385 marmora
1753 2351 1859 2383 Luna
1881 2363 1943 2392 pro
1971 2365 1995 2385 a
2021 2353 2126 2385 Luna
2135 2364 2154 2394 ‚¹
2192 2359 2226 2387 et
2250 2365 2320 2387 non
2343 2358 2430 2388 male
2455 2356 2625 2389 diceretur

1539 2402 1725 2441 picturata
1749 2400 1845 2429 Luna
1869 2401 2007 2438 propter
2028 2401 2179 2444 μέταλλα
2207 2401 2312 2434 λίθου
2341 2402 2498 2436 ποικίλου
2516 2403 2625 2447 γλαυ-

1545 2445 1715 2486 atzam-02,
1742 2444 1863 2485 lapidis
1890 2454 1990 2477 vanu
2013 2447 2062 2477 ad
2084 2447 2279 2477 caeruleum
2301 2450 2497 2489 vergentis,
2523 2451 2560 2480 ut
2582 2449 2625 2480 de

1544 2491 1588 2522 iis
1626 2493 1765 2524 Strabo:
1812 2491 1872 2521 sed
1902 2492 1986 2522 nihil
2019 2492 2213 2522 mutandum
2240 2493 2422 2524 autoritate
2445 2494 2544 2526 unius
2568 2505 2627 2526 co-

1546 2537 1648 2577 dicis,
1696 2536 1898 2576 praesertim
1936 2547 2011 2568 cum
2035 2537 2147 2576 potior
2173 2538 2216 2568 sit
2240 2539 2376 2579 vulgata
2400 2540 2514 2572 lectio.
2560 2542 2627 2573 Per

1543 2593 1669 2614 venam
1705 2581 1863 2621 intelligit
1885 2580 2003 2619 fibras
2046 2585 2082 2614 et
2119 2584 2234 2615 lineas
2268 2588 2302 2616 et
2337 2588 2448 2617 strias
2480 2587 2627 2625 quaein

1542 2637 1712 2660 marmore
1745 2628 1971 2667 reperiuntur.
2006 2630 2161 2670 regulam
2187 2633 2289 2663 vocat
2310 2632 2405 2663 Balu.
2428 2633 2564 2666 Etrusc.
2592 2635 2628 2666 et

1542 2684 1666 2716 gyrum
1692 2673 1773 2705 Silv.
1799 2676 1844 2715 11,
1870 2676 1903 2706 2.

1984 2720 2046 2750 ubi
2064 2729 2236 2751 marmore
2252 2723 2350 2761 picto

1638 2764 1796 2794 eandida
1816 2773 1996 2804 purpureo
2020 2767 2249 2806 distinguitur
2272 2777 2362 2798 area
2388 2777 2489 2808 gyros

1545 2808 1603 2840 ubi
1636 2818 1784 2840 marmor
1813 2811 2038 2849 Synnadicum
2075 2811 2254 2844 describit:
2299 2816 2334 2844 et
2356 2814 2444 2845 idem
2467 2815 2626 2850 hocloco

1545 2857 1633 2887 forte
1664 2855 1786 2886 innuit.
1843 2856 1930 2887 Hinc
1965 2868 2064 2888 vena·
2088 2867 2154 2897 pro
2187 2859 2260 2898 ipso
2286 2870 2483 2898 marmore-.-
2523 2870 2626 2903 supra

1544 2901 1691 2941 Epithal.
1719 2902 1802 2933 Stel.
1827 2911 1860 2933 v.
1887 2904 1964 2934 149.

1983 2948 2043 2979 laic
2065 2950 2226 2981 concolor
2248 2949 2322 2982 alto

1634 2993 1730 3022 Vena
1753 2992 1853 3022 mari.

1545 3037 1581 3068 et
1609 3035 1657 3068 ita
1689 3037 1823 3076 passim.
1868 3035 1953 3067 Vide
1984 3037 2129 3071 Plinium
2161 3040 2237 3071 Nat.
2266 3038 2352 3070 Hist.
2376 3037 2558 3082 xxxva,
2588 3041 2628 3074 8.

1545 3083 1590 3114 ad
1611 3083 1721 3114 finem.
1769 3082 1941 3124 Sequitur,

1680 3140 1728 3160 un
1752 3131 1898 3160 emissus
1913 3138 1982 3168 per
2002 3134 2131 3160 cuncta
2156 3129 2287 3160 cubilia
2313 3127 2473 3167 lymphas.

1542 3174 1661 3207 Lectio
1683 3175 1766 3206 haec
1790 3185 1809 3206 a
1835 3177 1967 3206 Joanne
1990 3174 2203 3215 Britannico,
2245 3176 2429 3205 annotante
2450 3174 2628 3216 Gevarth

1545 3230 1620 3253 cum
1661 3223 1763 3253 antea
1795 3219 1861 3253 fuit
1893 3221 2089 3261 nymphas,
2132 3220 2222 3259 quod
2251 3219 2463 3253 verissimum
2499 3223 2551 3253 est
2587 3223 2624 3254 et

2860 1710 2892 1717 ⁷⁴-

2866 1733 2887 1742 u

2881 1769 2887 1781 1
