2892 3840
371 474 373 476 ,
403 437 504 488 184
1214 429 1261 478 N
1263 440 1402 476 οΤΑΕ
1419 441 1487 477 Ao
1503 429 1609 478 Lm.
1625 430 1669 478 1.
1682 430 1742 478 ⁴2.

447 573 483 598 v.
516 564 596 597 264.
642 561 715 594 Nec
751 560 808 591 tibi
833 559 1002 601 sulfureis
1032 556 1111 593 ete]
1137 555 1188 585 lta
1214 553 1379 585 editiones
1403 554 1478 594 plu-

402 611 528 644 rimae:
562 612 595 641 et
625 607 805 649 praecipue
829 603 1026 636 Parmensis.
1075 600 1240 631 Domitius
1266 603 1379 631 tamen
1401 601 1477 632 Cal.

404 658 542 691 derina·
568 658 602 687 et
626 662 669 686 ex
693 663 733 684 eo
756 650 949 682 Bernartius
978 646 1182 678 substituunt
1208 647 1290 687 sibi,
1311 647 1375 678 hoc
1399 655 1477 700 sen:

404 713 465 736 su:
504 704 576 735 Nec
609 699 773 731 Lucrinus
809 697 901 726 lacus
933 703 996 724 nec
1031 694 1158 724 Sarnus
1197 692 1303 732 magis
1335 694 1476 733 gloriari

402 751 544 790 possunt
566 747 635 778 suis
660 741 841 783 Nymphis,
865 748 962 779 quam
987 740 1128 770 Sebetus
1155 736 1245 779 (sons
1271 740 1360 778 apud
1385 741 1476 792 18188,-

403 796 505 836 polim
537 793 600 832 est)
637 787 830 822 Vi‘olantilla
852 795 914 817 sua
947 784 1013 816 civi
1047 794 1105 815 seu
1139 785 1284 816 alumna.
1341 787 1474 824 Optime

403 842 535 882 quidem
559 840 592 869 et
616 833 878 874 elegantissime,
905 830 934 861 si
957 832 1062 861 verba
1089 831 1226 861 ferrent.
1273 830 1358 861 Vide
1385 831 1475 861 enim

402 883 704 921 constructionem:
757 879 830 909 Nec
867 873 1043 908 Lucrinae
1090 877 1221 907 Naides
1256 879 1366 917 magis
1403 878 1476 908 sibi

396 935 566 973 placeant
588 928 700 959 antris
729 923 919 967 sulfureis.-
965 923 1136 960 hucusque
1159 923 1252 953 recte
1287 924 1321 953 et
1355 923 1474 953 ordine

401 978 530 1010 omnia:
547 975 613 1013 jam
639 980 780 1011 pergas,
814 980 878 1001 nec
903 972 975 1001 otia
998 969 1201 1007 Pompeiani
1228 968 1339 999 Sarni
1347 977 1359 997 .·
1395 969 1474 1008 quid

398 1022 493 1055 tum?
518 1019 621 1060 nihil,
648 1016 714 1048 nisi
739 1012 806 1050 α’πὸ
830 1014 946 1048 κοινοῦ
970 1015 1140 1054 intelligas
1164 1016 1273 1055 magis
1298 1015 1370 1046 sibi
1391 1016 1474 1055 pla-

400 1074 513 1101 ceant.
537 1075 605 1106 qua
628 1074 667 1095 re
690 1063 752 1094 sibi
778 1063 955 1101 placeant?
985 1071 1028 1092 an
1049 1061 1218 1103 sulfureis
1239 1059 1380 1092 antris?
1406 1061 1468 1092 hoc

397 1114 486 1146 enim
519 1113 627 1142 solum
661 1109 790 1146 restat;
833 1108 921 1146 quod
956 1107 1049 1138 vides
1087 1117 1184 1145 quam
1210 1106 1388 1137 absurdum
1414 1107 1467 1138 sit.

395 1161 492 1192 Mitto
521 1158 608 1197 quod
631 1165 732 1186 versu
757 1153 869 1192 priore
893 1153 1018 1183 dixisse
1044 1153 1177 1192 debuit,
1204 1162 1267 1182 nec
1291 1152 1468 1184 Lucrinus

394 1206 500 1245 magis
532 1204 594 1235 sibi
628 1203 761 1240 placeat
788 1203 864 1231 suis
890 1200 1071 1238 nymphis,
1118 1208 1213 1237 quam
1244 1199 1381 1230 Sebetos
1408 1208 1470 1230 sua

394 1254 559 1284 alumna.-
598 1258 686 1287 non,
715 1256 777 1277 uec
803 1246 980 1276 Lucrinae
1011 1245 1141 1276 Naides
1165 1246 1274 1284 magis
1298 1246 1369 1276 sibi
1391 1247 1471 1283 pla-

395 1304 500 1330 ceant
533 1296 700 1337 sulfureis
735 1294 861 1323 antris.
909 1291 1029 1322 Omnio
1054 1300 1170 1321 verum
1198 1292 1267 1330 est,
1295 1292 1366 1321 Nec
1392 1293 1468 1322 tibi.

391 1343 582 1384 Alloquitur
604 1338 832 1371 Violantillam
857 1338 993 1377 Statius,
1007 1347 1039 1367 v.
1059 1339 1137 1369 260.
1166 1336 1243 1377 §At
1266 1342 1298 1367 tc
1322 1346 1471 1368 nascen-

391 1397 459 1423 tem
493 1392 558 1421 etc.
593 1389 627 1417 et
659 1387 817 1417 admonet
850 1384 941 1414 illam
976 1393 1012 1413 se
1052 1391 1126 1412 esse
1151 1382 1408 1421 Neapolitanam
1436 1385 1469 1414 et

393 1438 508 1468 Sebeti
528 1435 715 1465 alumnam:
741 1433 792 1462 Ne
817 1430 937 1469 igitur,
964 1428 1090 1469 inquit,
1119 1428 1294 1459 Lucrinus
1326 1431 1358 1459 et
1379 1429 1467 1460 Sar-

392 1492 458 1514 nus
485 1480 590 1519 magis
612 1481 679 1510 tibi
703 1477 859 1515 placeant
883 1486 979 1514 quam
1007 1474 1180 1513 popularis
1206 1478 1282 1504 tuus
1313 1475 1466 1506 Sebetus.

394 1529 511 1568 quihus
548 1527 632 1556 clam
662 1525 815 1554 hortatur
855 1532 927 1552 eam
962 1523 999 1551 ut
1023 1521 1064 1550 ad
1089 1520 1214 1559 gentile
1239 1521 1344 1551 solum
1374 1522 1465 1551 Nea-

390 1574 487 1614 polin
511 1572 649 1607 redeat;
681 1570 737 1600 vel
763 1570 854 1600 certe
880 1572 917 1598 ut
942 1576 1067 1597 memor
1095 1567 1137 1596 sit
1165 1566 1275 1604 illius,
1321 1577 1384 1597 nec
1416 1567 1465 1597 illi

390 1616 562 1661 praeferat
592 1617 658 1648 alia
683 1616 777 1655 loca,
824 1614 953 1644 etiamsi
986 1612 1190 1644 amoeniora.
1240 1612 1325 1643 Otia
1351 1614 1464 1653 Sarni,

391 1667 469 1706 quia
496 1665 534 1696 in
557 1664 622 1694 ista
647 1671 788 1692 amoena
815 1660 973 1699 regione,
1017 1661 1245 1697 Campaniam
1273 1658 1367 1698 dico,
1413 1669 1465 1689 se-

391 1721 503 1746 cessus
540 1713 574 1740 et
599 1708 696 1740 villas
722 1717 798 1738 suas
821 1707 1009 1737 hahuerunt
1034 1705 1194 1741 Romani3
1239 1705 1293 1735 ubi
1319 1705 1463 1736 maxime

389 1760 600 1791 otiabantur.
632 1754 758 1786 Similis
782 1753 857 1784 huic
880 1754 975 1782 locus
999 1753 1152 1782 Surrent.
1179 1751 1261 1780 Poll.
1287 1760 1318 1781 v.
1349 1754 1424 1785 110,

884 1809 947 1828 nec
985 1799 1127 1836 saepius
1163 1798 1241 1827 istis

477 1847 618 1878 Blanda
645 1844 866 1883 Therapnaei
885 1845 1042 1883 placeant
1068 1846 1189 1873 vinela
1213 1842 1356 1872 Galesi.-

386 1892 465 1925 vide
484 1890 733 1932 praecedentia.
1389 1931 1395 1938 ι
1416 1931 1423 1938 ι

431 1948 464 1969 v.
492 1940 572 1970 267.
619 1938 692 1975 Qui·
721 1936 831 1974 leges,
874 1934 935 1972 que‘
957 1938 1082 1964 castra
1105 1933 1234 1972 legant]
1257 1933 1308 1962 Ita
1332 1931 1464 1962 Editio-

385 1993 467 2025 nes,
498 1985 663 2023 Romana,
700 1981 842 2019 Aldina,
872 1978 1025 2020 (iolinei,
1059 1979 1260 2018 Gryphiana.
1310 1978 1352 2008 Et
1376 1978 1460 2009 hanc

381 2031 559 2061 lectionem
587 2028 800 2068 amplectitur
825 2026 1014 2055 Gronovius
1038 2026 1145 2056 Diatr.
1169 2036 1198 2059 c,
1225 2028 1267 2056 11.
1292 2024 1347 2054 ubi
1369 2025 1459 2065 leges

381 2076 625 2115 interpretatur
658 2075 813 2106 custodes
849 2072 978 2112 legum,
1024 2072 1215 2110 Senutum;
1262 2073 1295 2100 et
1321 2076 1460 2108 castra,

382 2124 509 2155 milites
523 2134 534 2154 .-
577 2123 686 2162 legere
719 2129 802 2150 vero
834 2118 999 2148 Senatum
1023 2121 1057 2148 et
1081 2119 1192 2158 legere
1216 2117 1341 2146 milites
1364 2119 1457 2148 recte

383 2169 515 2202 dicitur.
543 2168 651 2207 ipsum
674 2167 772 2197 etiam
792 2165 988 2195 vocabulum
1008 2165 1091 2205 Iegis
1113 2173 1133 2194 a
1153 2164 1290 2204 legendo
1311 2162 1454 2194 dictum:

384 2225 450 2254 quo
474 2214 709 2254 pulcherrime,
736 2212 855 2250 inquit,
882 2210 995 2242 allusit
1010 2210 1146 2242 Statius.
1172 2211 1264 2240 Haec
1289 2209 1342 2239 vir
1368 2219 1458 2248 mag-

380 2270 466 2301 nus,
494 2269 555 2291 suo
582 2269 698 2300 more,
727 2259 789 2288 hoc
820 2259 888 2294 est,
918 2257 1061 2287 erudite.
1103 2258 1147 2287 At
1174 2256 1342 2294 quodnam
1371 2265 1456 2294 opus

379 2308 546 2338 translata
581 2306 719 2337 notione
748 2303 838 2334 vocis
861 2304 950 2343 leges
974 2313 1034 2341 pro
1065 2303 1238 2340 Senatus,
1286 2310 1358 2331 cisni
1386 2303 1456 2332 usi-

378 2355 449 2384 tata
484 2356 518 2383 et
549 2352 708 2390 primaria
736 2359 841 2388 aeque
868 2350 1076 2380 commodum
1102 2349 1157 2378 vel
1182 2347 1354 2378 meliorem
1379 2357 1456 2379 sen-

378 2408 450 2430 sum
474 2399 615 2430 reddat?
651 2398 810 2429 nimirum
839 2396 901 2426 hoc
926 2398 998 2426 vult
1022 2394 1169 2426 Statius:
1213 2397 1390 2433 procreate
1416 2395 1456 2425 li-

376 2446 475 2477 beros
509 2454 649 2483 quorum
680 2442 804 2483 posteri
830 2452 993 2472 summum
1019 2442 1126 2472 locum
1157 2443 1295 2471 teneant
1318 2441 1351 2470 in
1368 2442 1455 2483 foro

377 2494 412 2522 et
437 2491 473 2522 in
499 2493 651 2526 castri-5⁸,
679 2501 768 2529 pace
793 2490 825 2518 et
850 2489 957 2530 bello,
993 2493 1073 2528 toga
1095 2489 1128 2517 et
1156 2490 1293 2518 armis:
1334 2487 1396 2517 hoc
1422 2498 1458 2518 e-

374 2538 445 2568 nini
469 2537 723 2576 intelligendum
759 2538 808 2566 est
834 2534 926 2575 istis,
970 2535 1035 2570 Qui
1061 2535 1151 2573 leges
1176 2533 1231 2571 qui
1260 2538 1383 2563 castra
1405 2534 1456 2564 le-

374 2586 464 2623 gant.
511 2583 619 2615 Simili
650 2591 750 2612 sensu
778 2581 951 2620 conjungit
975 2582 1126 2611 Surrent.
1152 2580 1236 2609 Poll.
1264 2588 1295 2610 v.
1323 2581 1398 2610 123.

467 2630 573 2667 Quem
596 2638 663 2659 non
691 2629 846 2668 ambigui
861 2626 1007 2670 fasces,
1034 2636 1102 2656 non
1127 2625 1246 2655 mobile
1275 2623 1398 2665 vulgus

465 2675 542 2705 Non
565 2675 675 2713 leges,
702 2684 771 2704 non
804 2676 916 2703 castra
941 2677 1083 2703 tenent:

372 2720 418 2751 Et
442 2721 579 2759 Epiced.
608 2721 697 2749 Patr.
728 2728 758 2751 v.
789 2719 862 2749 189.

461 2766 518 2798 Hi
542 2767 614 2797 fora
634 2761 800 2803 pacificis
823 2763 1007 2794 emendant
1026 2761 1219 2805 fascibus,
1245 2762 1303 2794 illi

462 2815 580 2844 Castra
598 2814 666 2850 pia
691 2813 846 2841 statione
869 2814 1011 2840 tenent:

371 2859 434 2890 hoc
456 2862 507 2889 est
531 2860 620 2899 leges
646 2858 679 2886 et
703 2862 838 2887 castra.
886 2855 930 2885 Et
959 2857 1069 2886 Soter.
1099 2854 1229 2884 Gallici.
1256 2863 1287 2884 v.
1317 2856 1372 2885 71.

460 2906 587 2936 Prima
610 2906 710 2942 togae
739 2903 878 2941 virtus5
923 2901 986 2932 illa
1010 2911 1139 2942 quoque
1165 2900 1308 2940 clarus,
1342 2905 1375 2930 et
1399 2901 1449 2931 in-

613 2959 672 2980 ens

461 2961 636 3036 Eloquii:
660 3002 740 3025 mox
765 2995 958 3025 innumeris
982 2995 1144 3022 exercita
1171 2991 1290 3022 castris
1316 2992 1379 3021 etc.

373 3038 455 3069 nihil
484 3042 536 3072 hic
570 3043 610 3071 de
650 3042 810 3078 Senatu;
851 3048 914 3069 nec
949 3038 1076 3067 Statius
1102 3047 1142 3068 eo
1170 3038 1355 3077 significatu
1385 3045 1447 3066 un-

373 3092 471 3122 quam
508 3087 678 3126 usurpavit
712 3096 826 3117 vocem
852 3085 953 3126 leges.
999 3085 1042 3115 Et
1066 3085 1151 3114 forte
1177 3084 1309 3115 defendi
1337 3085 1448 3122 potest

372 3130 501 3168 phrasis
525 3133 635 3172 legere
662 3134 751 3173 leges
786 3131 879 3173 (licet
906 3138 1068 3167 nusquam
1092 3130 1191 3173 alibi,
1227 3131 1347 3172 credo,
1392 3140 1448 3160 oc-

373 3175 500 3219 currat)
525 3177 599 3208 loco
624 3178 754 3218 Virgilii
778 3180 862 3209 Aen.
887 3179 914 3217 1,
942 3177 1021 3209 430.

2400 453 2627 505 yuyffi

1637 557 1723 588 Jura
1755 558 2060 634 magistratuque
2091 559 2229 604 legunt,
2267 560 2496 607 nanctumque
2519 567 2627 598 Sena-

1779 612 1855 635 um:

1544 647 1626 678 mihi
1667 649 1781 679 tamen
1816 648 1953 680 minime
1995 649 2132 682 dubium
2162 653 2214 684 est
2245 654 2326 692 quin
2347 655 2488 688 statius
2517 656 2624 697 scrip-

1543 693 1648 734 serit,

1636 740 1707 777 Qui
1729 740 1843 781 leges,
1869 739 1931 781 qui
1955 736 2081 773 castra
2104 743 2246 781 regant:
2407 780 2409 782 ,

1542 787 1644 823 prout
1669 785 1749 816 olim
1777 786 1968 824 conjecerat
1991 787 2207 826 Berna1·tius;
2237 789 2295 828 qui
2322 791 2424 830 negat
2449 786 2624 833 ‘relegere

1543 831 1633 871 leges
1668 834 1702 862 et
1736 837 1857 863 castra
1881 833 2038 864 Latinum
2063 843 2149 866 esse.
2174 844 2294 876 regere
2317 836 2411 876 leges
2435 837 2507 877 ent,
2530 836 2624 876 prin-

1543 876 1651 915 cipem
1689 878 1801 908 locum
1836 878 1991 910 obtinere
2018 879 2052 910 in
2077 880 2155 919 jure
2179 881 2346 920 dicund03
2389 881 2426 912 iu
2451 881 2623 914 concioni-

1542 923 1622 962 bus,
1669 923 1704 954 in
1739 925 1815 954 foro
1853 924 2042 964 dominari3
2083 926 2230 966 negotiis
2266 927 2421 960 civilibus
2443 935 2622 967 praeesse:

1541 977 1662 1009 regere
1686 971 1812 1010 castra,
1842 971 2048 1003 exercitibus
2074 982 2251 1015 praeesse,
2278 979 2314 1006 et·
2337 973 2451 1005 munia
2471 975 2622 1012 Impetu-

1542 1015 1631 1046 toria
1657 1015 1762 1047 obire.
1809 1017 1934 1048 Noster
1959 1019 2062 1049 Theb.
2089 1019 2151 1059 XI,
2180 1021 2254 1051 165.

1632 1061 1699 1093 Ille
1730 1072 1789 1102 ego
1814 1070 1889 1093 sum
1914 1067 1978 1104 qui
2002 1070 2036 1096 te
2059 1074 2175 1104 pacem
2205 1070 2242 1097 et
2260 1069 2332 1106 pia
2346 1066 2426 1106 Jura
2448 1064 2624 1105 regentem

1761 1109 1823 1138 etc.

1539 1149 1706 1181 Martialis
1732 1153 1849 1193 Epigr.
1875 1153 1920 1193 X,
1947 1155 2001 1186 37.

1633 1196 1738 1229 Juris
1764 1205 1800 1229 et
1819 1210 2013 1240 aequarum
2041 1201 2156 1232 cultor
2183 1205 2410 1235 sanctissime
2435 1205 2558 1247 legum,

1681 1242 1843 1276 Veridico
1870 1245 2016 1278 Latium
2043 1250 2105 1286 qui
2128 1247 2221 1287 regis
2246 1259 2306 1280 ore
2331 1251 2452 1282 forum.

1538 1286 1699 1318 Manilius
1725 1291 1790 1331 IV,
1818 1293 1872 1322 58.
1898 1292 1939 1321 de
1965 1291 2057 1322 Julio
2080 1295 2247 1325 Caesare:

1595 1344 1598 1347 ’
1632 1335 1743 1372 Quum
1767 1337 1851 1367 bene
1878 1339 2082 1376 compositis
2103 1342 2221 1370 victor
2244 1341 2409 1373 civilibus
2433 1341 2535 1374 armi·

1628 1382 1713 1412 Jura
1736 1384 1837 1421 togae
1861 1385 2007 1422 regeret.

1539 1423 1656 1456 Sidon.
1680 1428 1884 1467 Apollinaris
1907 1431 2031 1468 Paneg.
2056 1428 2147 1461 Aviti
2172 1439 2204 1461 v.
2234 1431 2314 1462 296.

1626 1473 1845 1505 Intemerata
1867 1476 1956 1507 milii·
1980 1476 2193 1519 Praefectus
2218 1476 2297 1514 jura
2312 1480 2478 1518 regebat:

1536 1518 1570 1546 et
1605 1527 1637 1548 v.
1664 1521 1741 1551 312.
1764 1521 1906 1551 Rutilius
1931 1521 2086 1553 ltinerar.
2111 1524 2138 1562 1,
2172 1525 2246 1554 157.

1627 1564 1671 1596 Si·
1690 1575 1758 1596 non
1789 1568 1960 1605 displicui
1984 1577 2134 1607 regerem
2163 1578 2238 1598 cum
2261 1568 2339 1606 jura
2363 1570 2522 1607 Quirine.

1534 1617 1653 1650 regere
1677 1613 1847 1650 praetoria
1869 1613 1961 1644 ldem
1989 1623 2021 1644 v.
2046 1616 2125 1646 273.
2150 1614 2355 1645 Claudianus
2379 1615 2416 1646 in
2439 1617 2546 1648 Rutin.
2565 1618 2610 1658 11,

1624 1702 1696 1733 Nec
1720 1705 1827 1741 pudet
1855 1703 2031 1736 Ausonios
2057 1714 2181 1736 currus
2208 1710 2242 1736 et
2260 1704 2338 1743 jura
2363 1707 2538 1746 regentem

1626 1748 1767 1779 Sumere
1790 1751 1962 1792 deformes
1985 1754 2078 1782 ritus
2104 1756 2299 1791 vestemque
2319 1750 2498 1783 Getarum.

1530 1791 1623 1830 leges
1647 1799 1764 1825 tenere
1788 1798 1885 1827 vocat
1908 1797 1969 1828 hoc
1999 1797 2057 1828 lib.
2084 1799 2108 1828 1.
2135 1796 2171 1827 in
2194 1797 2335 1836 Eun-op.
2361 1806 2395 1828 v.
2419 1799 2499 1831 497.

1621 1840 1788 1873 Eunuchi
1811 1844 1847 1872 si
1871 1842 1950 1880 jura
1975 1844 2108 1874 dabunt
2129 1844 2289 1884 legesque
2314 1845 2499 1886 tenebunt,

1621 1885 1772 1916 Due-aut
1786 1897 1901 1926 pensa
1927 1892 2012 1920 viri.
2322 1916 2326 1919 ,

1525 1926 1616 1965 jura
1638 1941 1757 1972 regere
1782 1935 1834 1972 11,
1860 1934 1937 1966 344.
1985 1935 2103 1965 Castra
2125 1939 2274 1975 regant,
2317 1933 2353 1965 id
2372 1937 2442 1976 est,
2475 1937 2609 1968 exerci-

1532 1977 1597 2017 tus,
1625 1977 1683 2008 Sil.
1708 1979 1844 2009 Italicus
1866 1980 1926 2020 lX,
1955 1983 2008 2012 17.

1621 2024 1672 2055 Ni
1694 2033 1772 2055 sors
1799 2026 1934 2057 alterni
1950 2025 2069 2066 juris,
2095 2035 2160 2066 quo
2187 2026 2299 2056 castra
2325 2028 2490 2066 reguntur

1619 2070 1819 2102 Arbitrium
1840 2082 1981 2113 pugnae
2002 2074 2218 2113 properanti
2243 2074 2280 2103 in
2295 2072 2384 2115 fata
2409 2079 2586 2115 negasset.

1526 2114 1619 2146 Idem
1644 2118 1701 2157 VI,
1727 2119 1804 2150 307.

1620 2162 1704 2193 Jam
1747 2164 1893 2194 Martem
1934 2173 2075 2206 regere,
2138 2167 2244 2204 atque
2277 2168 2379 2195 astus
2419 2165 2609 2208 adjungere

1766 2219 1856 2240 erro.

1526 2253 1601 2293 vn,
1628 2253 1684 2285 46.
1714 2211 1913 2286 desFabiis:

1622 2299 1822 2332 Tercentum
1851 2301 2021 2332 emittere
2047 2303 2174 2343 duees‚·
2199 2314 2399 2347 quocunque
2419 2307 2547 2340 liberes

1622 2345 1696 2377 Uno
1724 2358 1791 2378 nou
1814 2349 1969 2388 pavidus
1991 2349 2139 2380 rexisses
2163 2351 2252 2382 bella
2275 2355 2458 2394 magistro.

1524 2389 1652 2422 Plinius
1687 2394 1792 2432 Epist.
1830 2396 1897 2435 lv,
1930 2395 1986 2426 23.
2044 2395 2106 2425 Ita
2127 2405 2305 2428 senescere
2332 2402 2468 2437 oportet
2488 2400 2603 2431 virum

1525 2439 1588 2475 qui
1609 2442 1842 2480 magistratus
1866 2441 2104 2478 amplissimos
2125 2445 2292 2483 gesserit,
2312 2443 2480 2475 exercitus
2502 2453 2605 2477 rexe-

1523 2482 1589 2523 rit,
1617 2490 1791 2526 totumque
1815 2495 1853 2516 se
1882 2486 2115 2525 reipublicae,
2159 2489 2324 2528 quamdiu
2345 2489 2508 2532 decebat,
2547 2492 2603 2523 ob-

1522 2529 1652 2561 tulerit.
1677 2532 1723 2561 Et
1746 2531 1852 2570 Epist.
1878 2532 1934 2563 24.
1957 2531 2014 2561 hic
2038 2537 2160 2570 sponte
2182 2534 2382 2565 beatissimo
2407 2538 2478 2577 otio
2502 2537 2603 2578 fmi-

1524 2579 1609 2614 tur;
1656 2578 1752 2608 alius
1787 2577 1973 2608 exercitum
2004 2577 2113 2616 regit;
2160 2579 2257 2610 illum
2284 2581 2445 2613 civilibus
2470 2580 2601 2620 officiis

1517 2624 1699 2660 principis
1722 2626 1885 2655 antia-ilia
1920 2626 2060 2654 eremit.
2085 2622 2162 2654 vide
2187 2627 2222 2655 et
2246 2627 2292 2662 11,
2324 2627 2377 2658 13.
2402 2627 2458 2658 ubi
2482 2628 2602 2661 eadem

1520 2665 1658 2699 locutio.
1714 2669 1840 2699 Passim
1884 2669 1972 2707 apud
2009 2669 2161 2700 Tacitum
2195 2671 2361 2703 invenies.
2396 2678 2513 2706 rector
2544 2685 2601 2707 ea-

1521 2717 1673 2743 strorum
1706 2714 1827 2746 alicubi
1863 2715 1952 2753 apud
1977 2716 2140 2755 eundem,
2184 2717 2212 2747 si
2237 2720 2331 2749 recte
2354 2719 2502 2751 memini.
2527 2730 2600 2752 rec-

1522 2763 1579 2789 tor
1603 2761 1816 2797 reipublicae
1841 2761 1929 2800 apud
1955 2761 2023 2792 Cic.
2047 2762 2088 2792 de
2114 2763 2206 2793 Orat.
2230 2765 2266 2805 1,
2287 2765 2345 2795 48.
2370 2767 2405 2796 et
2428 2767 2600 2808 regendae

1520 2806 1735 2844 reipublicae
1759 2807 2011 2838 scientissimus.
2038 2817 2066 2838 c.
2089 2808 2145 2838 49.
2191 2812 2273 2841 Mox
2296 2820 2328 2841 v.
2354 2813 2435 2843 276.
2459 2821 2523 2852 pro
2547 2817 2598 2847 vi.

1519 2853 1611 2882 ridis
1647 2852 1825 2891 legendum
1858 2855 2015 2885 virides.-
2062 2855 2176 2884 vultus
2208 2857 2343 2888 virides
2369 2858 2452 2889 ssore
2474 2859 2598 2900 longae

1515 2896 1690 2934 juventae.
1730 2900 1783 2929 vel
1817 2899 1845 2929 si
1866 2900 2014 2931 retineas
2048 2902 2175 2932 viridis
2197 2903 2376 2942 legendum
2401 2904 2596 2938 Pera-rete

1518 2944 1577 2974 sed
1601 2943 1695 2982 prius
1722 2955 1850 2976 verum.
1898 2946 1978 2977 Silv.
2003 2948 2064 2986 111,
2093 2948 2124 2979 3.
2156 2957 2189 2979 v.
2218 2950 2294 2980 124.

1608 2989 1713 3021 Felix
1739 2992 1785 3022 ali
1814 2995 1848 3023 si
1871 2993 1975 3033 longa
1999 2994 2092 3029 dies,
2117 2998 2153 3026 si
2175 3004 2316 3025 cernere
2338 2995 2450 3026 vultu·

1607 3037 1780 3068 Natarum
1804 3038 1997 3079 viridesque
2023 3047 2131 3078 genas
2157 3042 2228 3071 tibi
2242 3039 2348 3079 justa
2369 3041 2548 3072 dedinent

1611 3083 1776 3114 Stamina
1788 3080 1801 3112 Ι
2053 3105 2056 3108 >

1517 3126 1601 3158 Vide
1634 3139 1720 3167 quae
1758 3129 1874 3161 notavi
1910 3130 1951 3160 ad
1986 3131 2047 3170 lV,
2079 3131 2112 3160 2.
2135 3138 2168 3160 v.
2193 3129 2249 3160 41.
2274 3129 2315 3160 de
2340 3126 2389 3172 τῷ
2411 3131 2529 3164 vultus
2553 3131 2590 3163 in

1517 3183 1658 3207 numero
1687 3175 1821 3215 plurali.
1870 3176 1976 3207 Editt.
2003 3177 2112 3206 Parm.
2142 3177 2177 3206 et
2197 3175 2291 3207 Rom.
2311 3176 2420 3216 longe.
