2892 3840
412 456 497 491 vm
1264 449 1811 487 PRAEFATlo.

408 567 435 595 e
464 549 517 594 in
540 562 576 594 u
612 553 664 593 et
691 560 751 601 c·,·
785 561 819 592 u
839 545 891 592 in
906 542 984 591 ic.-
1021 550 1071 590 et
1094 542 1209 590 hae
1237 557 1411 591 omnes
1447 544 1559 593 vice
1594 558 1756 593 versa.
1795 543 1866 592 sic
1886 559 1916 590 r
1946 543 2004 591 -in
2037 542 2065 603 i
2091 550 2142 591 et
2177 550 2202 592 t
2235 551 2287 595 et
2318 561 2369 596 a:
2405 563 2446 614 c,
2467 547 2524 595 in
2554 564 2577 596 s
2601 557 2660 598 -et

409 619 457 664 l:
487 622 536 663 te
571 618 626 663 in
663 631 696 661 a
729 615 935 672 coaluit3
981 610 1131 659 unde
1157 626 1250 675 pro
1287 627 1517 660 serenam
1551 614 1758 660 restitui
1801 618 2066 671 serentem,
2111 612 2205 661 hoc
2251 622 2344 674 est,
2387 615 2655 665 sedentem.

409 692 579 733 contra
617 689 672 731 et
701 698 791 746 pro
824 697 890 737 a;
925 680 1059 727 unde
1094 695 1187 743 pro
1224 678 1319 727 bile
1339 681 1505 744 seret,
1543 681 1640 728 feci
1660 681 1804 744 jera,
1875 679 1978 730 Sed
2010 681 2215 745 hujusce
2244 684 2439 744 generis
2467 687 2658 749 praeci-

406 769 506 818 pua
544 759 620 800 cst
654 750 906 799 restitutio
944 749 1039 797 loci
1076 747 1200 798 Silv.
1237 748 1297 807 ΙΙ,
1335 751 1379 796 6.
1417 765 1465 799 v.
1508 751 1589 797 27.

961 865 1040 904 Nec
1069 864 1181 903 Paris·
1205 863 1390 904 Oebalios
1417 867 1506 904 talis
1535 867 1689 905 visurus
1719 878 1869 905 amores

961 921 1145 961 Rusticus
1171 923 1318 961 invisas
1349 922 1490 972 dejecit
1515 924 1556 959 in
1584 934 1751 971 aequora
1779 923 1906 971 pinus.

404 1029 490 1076 ubi
525 1026 680 1091 probo
714 1024 861 1072 scribi
899 1023 1101 1080 debere,
1158 1021 1373 1069 Troasin
1404 1021 1593 1069 iaewisas
1625 1035 1717 1085 pro
1752 1020 2014 1070 Rusticus.
2082 1020 2210 1071 Vide
2242 1031 2413 1073 autem
2446 1026 2653 1084 &uilium

405 1106 456 1143 ct
487 1107 806 1160 progressum
850 1092 997 1153 hujus
1029 1089 1216 1137 mendi.
1253 1090 1434 1137 ultima
1475 1089 1670 1151 syllaba
1712 1089 1767 1136 in
1801 1091 1989 1139 amissa
2023 1098 2133 1140 erat
2168 1092 2223 1139 in
2258 1108 2383 1142 voce
2418 1096 2653 1157 proxime

402 1169 656 1228 sequente,
691 1159 894 1216 invisas,
931 1165 989 1204 ut
1023 1173 1174 1222 saepe
1207 1158 1275 1204 fit.
1312 1156 1432 1204 inde
1468 1163 1611 1205 troas
1648 1165 1887 1223 ceperunt
1919 1175 2011 1224 pro
2047 1159 2204 1218 ticus,
2242 1175 2356 1209 cum
2391 1162 2652 1212 literarum

402 1230 682 1280 differentia
707 1229 764 1274 in
793 1228 891 1274 isto
923 1226 1205 1274 charactere
1241 1227 1453 1274 minima
1488 1227 1570 1285 sit,
1606 1233 1658 1273 et
1690 1227 1791 1274 nisi
1825 1228 2001 1290 peritis
2042 1229 2139 1277 vix
2174 1226 2528 1291 dignoscenda.
2563 1230 2653 1280 ad-

403 1303 621 1361 jecerunt
648 1294 841 1342 deinde
871 1295 961 1345 vel
997 1309 1068 1341 ex
1098 1310 1222 1344 voce
1259 1294 1623 1359 praecedente,
1668 1296 1754 1343 vel
1791 1310 1860 1342 ex
1889 1297 2123 1357 ingenio,
2151 1297 2409 1358 syllabam
2436 1314 2557 1347 rus.-
2600 1307 2652 1347 et

392 1354 469 1416 ‘sic
506 1366 866 1414 concinnarunt
899 1379 1077 1413 vocem
1104 1362 1351 1421 rusticus,
1388 1378 1514 1427 quae
1553 1361 1773 1411 absurda
1809 1370 1887 1411 est
1923 1370 1973 1410 et
2009 1364 2152 1412 falsa.

616 1433 870 1480 Infinitum
919 1439 1055 1479 esset
1102 1433 1145 1478 si
1189 1433 1358 1479 omnia
1388 1433 1444 1478 in
1487 1431 1617 1479 hanc
1650 1447 1759 1479 rem
1800 1430 2017 1480 dicenda
2051 1447 2377 1497 exsequerer:
2421 1431 2650 1486 desinam

396 1505 565 1566 igitur,
602 1502 646 1549 si
680 1501 817 1565 prius
853 1507 1097 1549 notavere
1138 1499 1276 1546 aliud
1315 1499 1614 1548 mendorum
1650 1515 1805 1562 genus
1842 1514 1911 1547 ex
1948 1501 2041 1549 hac
2076 1503 2343 1565 praecipue
2379 1502 2650 1567 scriptione

399 1582 451 1619 et
482 1571 764 1617 charactere
794 1569 1069 1632 profluens:
1106 1567 1199 1614 hoc
1235 1575 1328 1625 est,
1365 1583 1479 1616 cum
1515 1574 1656 1617 totae
1685 1583 1843 1626 voces,
1879 1583 1982 1616 non
2016 1569 2191 1617 literae
2230 1575 2429 1618 tantum
2455 1574 2566 1618 *una
2588 1577 2652 1618 et

398 1641 578 1696 altera,
619 1653 708 1702 pro
748 1638 865 1684 ⁴aliis
903 1636 1284 1684 substituuntur.
1333 1650 1436 1683 non
1484 1638 1605 1700 quin
1650 1642 1702 1683 et
1745 1637 2109 1701 antiquioribus
2153 1637 2343 1696 Libris,
2395 1644 2448 1685 et
2488 1637 2649 1686 literis

395 1708 685 1770 majusculis
732 1706 955 1768 scriptis,
1009 1705 1103 1750 hoc
1139 1705 1454 1763 usuvenerit3
1502 1703 1595 1750 sed
1629 1719 1730 1750 non
1766 1712 1870 1751 tam
1909 1706 2211 1769 frequenter,
2246 1720 2339 1753 nec
2374 1713 2480 1754 tam
2514 1705 2650 1754 facili

398 1776 579 1824 erroris
609 1775 879 1822 occasione.
952 1771 1146 1835 Quippe
1181 1771 1439 1818 interdum
1474 1771 1887 1836 Interpolatores,
1932 1773 2186 1822 interdum
2223 1774 2522 1822 festinantes
2565 1773 2650 1822 Li-

395 1845 573 1901 brarii,
605 1856 815 1906 quorum
846 1842 981 1887 lucro
1016 1847 1124 1887 erat
1157 1839 1335 1886 Libros
1372 1854 1523 1902 quam
1558 1840 1816 1887 celerrime
1853 1842 2212 1900 transcribere,
2258 1857 2371 1890 cum
2403 1842 2539 1890 nacti
2566 1856 2649 1904 ‚es-

397 1921 511 1962 sent
543 1911 823 1972 Exemplar
860 1907 1089 1970 aliquod,
1125 1909 1209 1956 vel
1243 1908 1403 1954 literis
1439 1907 1730 1955 minusculis
1767 1914 1820 1953 et
1852 1907 2351 1967 Abbreviationibus,
2385 1910 2472 1960 vel
2496 1909 2650 1958 Vetu-

323 1976 329 1982 ’
396 1990 525 2029 state
563 1986 650 2026 aut
683 1978 843 2025 multo
880 1991 971 2022 usu
1006 1983 1058 2021 et
1085 1989 1326 2022 manuum
1363 1976 1660 2023 tractatione
1697 1974 1982 2035 obscurius,
2028 1991 2133 2024 non
2178 1992 2377 2041 semper
2405 1975 2554 2026 Fidei
2587 1978 2649 2025 li-

395 2050 589 2107 tabant3
628 2045 719 2093 sed
749 2043 1037 2108 posthabita
1081 2043 1255 2090 Veteri
1287 2050 1338 2089 et
1367 2059 1489 2092 vera
1523 2043 1787 2102 Lectione,
1821 2047 1900 2093 cui
1934 2042 2250 2107 indagandae
2282 2045 2486 2110 aliquod
2521 2053 2648 2094 tem'-

393 2120 529 2183 poris
560 2117 687 2162 forte
725 2121 860 2160 esset
894 2112 1269 2168 insumendum,
1306 2112 1457 2158 aliam
1493 2111 1557 2159 de
1604 2127 1695 2159 suo
1731 2112 1935 2175 benigni
1968 2113 2338 2178 impingebant3
2386 2112 2450 2161 de
2495 2127 2647 2162 sensu

395 2186 581 2241 securi,
632 2181 784 2230 modo
840 2196 904 2226 ne
961 2182 1239 2227 violaretur
1292 2179 1535 2238 Metrum,
1601 2188 1654 2227 et
1702 2180 2091 2245 Exemplarium
2133 2196 2338 2229 suorum
2380 2181 2644 2230 Venustas.

393 2255 501 2302 Hoc
537 2259 707 2299 autem
743 2251 900 2296 semel
936 2248 1184 2306 admisso,
1229 2263 1379 2311 saepe
1418 2247 1599 2296 accidit
1639 2256 1696 2296 ut
1738 2250 1930 2314 reliqua
1963 2265 2080 2315 pars
2116 2265 2295 2299 versus
2330 2248 2658 2298 immutanda-

395 2329 556 2379 essct,
592 2327 649 2366 ut
685 2320 899 2367 Sensum
933 2316 1228 2364 inductitiae
1269 2318 1383 2365 voci
1420 2326 1774 2379 congruentem
1810 2318 2040 2366 haberet:
2078 2334 2173 2382 quo
2209 2325 2382 2380 pacto,
2419 2332 2554 2365 error
2587 2331 2645 2365 u-

392 2407 487 2438 nus
533 2387 907 2452 Interpolatoris
953 2387 1036 2434 vel
1077 2385 1293 2432 Librarii
1339 2400 1515 2433 ansam
1561 2385 1703 2434 dedit
1746 2386 1940 2434 duobus
1996 2388 2081 2433 vel
2125 2385 2283 2432 tribus
2330 2385 2543 2433 aliorum
2589 2386 2658 2446 in*

392 2459 571 2507 codem
606 2471 771 2505 versu.
839 2453 970 2501 Huic
1001 2453 1286 2501 Scribarum
1318 2454 1656 2512 festinationi,
1708 2455 1791 2502 vel
1818 2454 2236 2517 Interpolatorum
2269 2451 2534 2511 audaciae,
2565 2469 2644 2501 re-

392 2531 515 2583 sero,
551 2524 684 2587 quod
719 2523 840 2571 Silv.
877 2524 914 2581 I,
949 2525 994 2568 2.
1055 2538 1146 2586 pro
1175 2528 1295 2568 vota
1321 2537 1599 2586 precesque
1634 2524 1785 2581 vulgo
1821 2522 2001 2581 legitur
2038 2519 2199 2565 dona:
2235 2527 2287 2566 et
2322 2521 2423 2567 tale
2453 2521 2643 2585 aliquid

393 2593 632 2643 accidisse
668 2590 890 2652 suspicor
925 2591 962 2645 Ι,
999 2592 1042 2633 3.
1078 2604 1126 2635 v.
1162 2592 1243 2633 21.
1282 2590 1369 2634 ubi
1402 2588 1534 2634 Anio
1569 2589 1752 2636 fluvius
1800 2587 1980 2634 dicitur
2031 2587 2243 2634 Saxeus·
2313 2587 2445 2636 Hinc
2487 2590 2642 2639 etiam

390 2664 535 2714 venit
571 2665 779 2726 parte-m
822 2673 912 2720 pro
948 2661 1146 2703 noctem
1157 2670 1179 2710 ,·
1219 2654 1454 2701 Libertas
1490 2671 1580 2718 pro
1617 2656 1863 2702 Nobilitas
1876 2672 1899 2711 ,·
1945 2655 2073 2702 nube
2114 2671 2203 2719 pro
2239 2656 2421 2711 laude,·
2454 2658 2641 2719 fateor

391 2748 482 2798 pro
511 2729 718 2795 pariter
729 2741 750 2781 ,·
780 2724 1008 2773 Bsoribus
1043 2738 1134 2787 pro
1170 2723 1441 2770 Fascibus:
1476 2723 1592 2771 hinc
1636 2724 1860 2772 carmine
1897 2741 1987 2789 pro
2032 2724 2235 2772 numine
2246 2740 2269 2780 ,·
2314 2741 2521 2773 carmen
2547 2741 2639 2790 pro

391 2800 558 2848 lemine
570 2812 593 2854 ,⁸
641 2795 872 2843 carmina
905 2810 995 2859 pro
1033 2799 1293 2857 temporem
1339 2792 1569 2839 carmina
1603 2809 1693 2857 pro
1734 2810 1948 2840 munera
1959 2809 1981 2848 ,·
2023 2795 2224 2857 jugera
2257 2810 2348 2858 pro
2391 2809 2606 2841 munera
2616 2809 2640 2849 ,·

390 2869 603 2917 vulnera
650 2880 741 2930 pro
777 2879 990 2909 munera
1007 2877 1029 2917 ,·
1065 2861 1270 2923 funera
1312 2877 1402 2925 pro
1438 2860 1652 2909 vulnera
1662 2877 1686 2917 ,·
1734 2861 1946 2909 culnera
1988 2878 2078 2926 pro
2115 2878 2414 2918 murmura,·
2435 2862 2639 2924 funera

388 2954 479 3001 pro
503 2935 733 2999 fulmina
743 2949 766 2989 ,·
792 2931 1003 2997 pulvere
1038 2945 1128 2993 pro
1146 2930 1367 2992 fulgure
1377 2943 1399 2985 ,·
1425 2935 1647 2994 pectora
1681 2946 1772 2996 pro
1809 2930 2001 2977 lumina
2013 2949 2030 2978 .·
2068 2945 2194 2994 quae
2226 2932 2396 2978 omnia
2423 2931 2533 2977 loca
2557 2945 2639 2977 re-

390 2999 529 3052 stitui
575 3018 645 3050 ex
678 3002 771 3049 hac
815 3001 1094 3047 certissima
1130 2998 1344 3060 Regula,
1381 2997 1514 3063 quod
1549 2999 1664 3046 hinc
1711 2999 1912 3047 stabant
1945 2999 2131 3047 Sensus
2173 3006 2224 3045 et
2267 2998 2530 3058 Elegantia
2586 3005 2639 3046 et

390 3073 588 3121 Usitata
621 3071 861 3127 Mutatio,
909 3069 1046 3115 illinc
1080 3067 1369 3132 plerumque
1406 3067 1720 3116 Absurditas.
1791 3067 1985 3132 Quippe
2013 3066 2290 3116 notandum
2336 3072 2413 3112 est
2454 3066 2509 3112 in
2542 3066 2637 3115 hac

392 3148 552 3206 parte,
588 3139 701 3187 Non
737 3140 899 3185 solum
934 3134 1070 3199 apud
1100 3135 1332 3194 Statium,
1370 3136 1460 3183 sed
1496 3143 1547 3182 et
1580 3145 1769 3184 ceteros
1803 3151 1976 3184 omnes
2006 3138 2196 3200 poeta&
2232 3149 2381 3183 voces
2406 3150 2636 3195 munera,

394 3209 621 3266 vulnera,
657 3205 876 3262 nomina,
913 3203 1102 3260 limina,
1139 3203 1344 3263 lumina,
1359 3205 1603 3266 flamina,
1623 3205 1866 3267 flumina,
1887 3203 2130 3266 fulgura,
2157 3201 2404 3264 fulmina,
2418 3204 2637 3266 funera,

388 3277 625 3334 numina,
661 3288 950 3330 murmura,
985 3271 1240 3330 carmina,
1279 3278 1532 3338 tempora,
1565 3273 1826 3335 germina,
1859 3271 2126 3335 gramina,
2165 3279 2216 3319 et
2247 3273 2433 3321 similia
2467 3273 2637 3335 trisyl—
