2892 3840
1000 414 1465 453 ειινᾼιιυιι
1529 403 1697 454 Lrn.
1767 405 1823 456 V.

273 527 408 588 Quos
440 526 625 576 Veneri
656 527 852 592 plorata
886 525 1066 575 domus
1079 561 1095 584 ,
1133 527 1455 592 neglectaque
1488 527 1636 577 tellus

268 616 476 665 Alcidae
492 651 508 675 ,
536 616 621 666 vel
655 631 778 679 quos
808 630 836 662 e
863 616 1052 664 vertice
1088 615 1383 664 Surrentino

269 706 428 753 Mittit
462 706 709 767 Tyrrheni
742 703 1050 769 speculatrix
1082 705 1225 765 virgo
1251 704 1525 770 profimdi‘!

272 792 408 852 Quos
442 794 674 858 propiore
706 794 820 840 sinu
847 793 974 840 lituo
1008 807 1246 857 remoque
1279 799 1483 839 notatus

273 881 426 930 Collis
442 916 457 940 ,
489 890 542 929 et
575 882 788 929 Ausonii
816 880 1013 946 pridem
1043 882 1161 929 laris
1192 880 1394 943 hospita
1428 879 1613 942 Cyme:

274 969 508 1033 Quosque
538 970 798 1018 Dicarchei
831 976 1035 1033 portus,
1064 969 1348 1033 Baianaque
1380 971 1589 1017 mittunt

269 1058 467 1116 Litora,
502 1073 598 1122 qua
626 1058 807 1104 mediis
843 1057 942 1104 alte
974 1059 1244 1120 permistus
1280 1057 1482 1104 anhelat

269 1147 401 1208 Ignis
437 1148 603 1209 aquis,
639 1152 691 1191 et
725 1153 900 1207 operta
934 1147 1128 1193 animos
1162 1144 1396 1192 incendia
1426 1154 1645 1194 servant.

267 1234 350 1282 Sic
384 1233 450 1281 ad
478 1234 755 1282 Avernales
788 1234 1039 1298 scopulos,
1077 1241 1129 1280 et
1164 1248 1319 1297 opaca
1353 1233 1576 1295 Sibyllae

266 1320 455 1380 Antra,
489 1330 752 1382 rogaturae
786 1322 1063 1370 veniebant
1090 1322 1311 1385 undique
1346 1330 1543 1384 gentes:

265 1409 355 1457 Illa
388 1412 550 1457 minas
586 1410 800 1467 Divum,
835 1410 1197 1474 Parcarumque
1232 1418 1345 1457 acta
1378 1411 1603 1469 canebat,

270 1497 511 1556 Quamvis
546 1498 754 1561 decepto
782 1507 926 1547 vates
956 1513 1060 1546 non
1090 1500 1236 1546 irrita
1263 1497 1478 1544 Phoebo.

267 1586 394 1633 Mox
427 1594 479 1633 et
509 1586 803 1633 Romuleam
838 1588 1073 1650 stirpem,
1108 1600 1436 1649 proceresque
1466 1585 1662 1633 futuros

266 1675 500 1732 Instruis,
535 1676 683 1739 inque
714 1683 914 1739 patrum
945 1677 1162 1737 vestigia
1196 1674 1376 1721 ducere
1411 1670 1621 1737 perstas.

268 1764 371 1811 Sub
404 1771 453 1810 te
484 1764 771 1811 Dardanius
803 1765 925 1810 facis
958 1764 1247 1827 explorator
1283 1768 1487 1824 opertae

268 1851 365 1909 Qui
397 1852 666 1899 Diomedei
702 1852 830 1899 celat
856 1852 1135 1915 penetralia
1168 1850 1306 1906 furti,

269 1939 468 1997 Crevit,
499 1949 550 1986 et
583 1941 702 1987 inde
734 1954 928 1986 sacrum
962 1939 1137 1986 didicit
1170 1953 1306 2002 puer.
1377 1949 1518 1982 arma
1550 1936 1765 1998 probare

270 2029 562 2076 Monstrasti
596 2029 773 2086 Saliis,
803 2041 1197 2091 praesagumque
1237 2024 1442 2072 aethera
1475 2027 1622 2073 certis

269 2117 578 2179 Auguribus3
614 2119 692 2164 cui
724 2116 1062 2164 Chalcidicum
1095 2116 1171 2163 fas
1205 2114 1412 2163 volvere
1448 2129 1665 2172 carmen,

267 2205 439 2253 Lanea
475 2207 552 2253 cui
586 2206 790 2267 Phrygii
826 2212 903 2252 est
937 2220 1079 2253 coma
1109 2204 1348 2260 flaminis,
1384 2210 1436 2249 et
1469 2211 1555 2251 tua
1588 2203 1803 2253 multum

268 2294 488 2342 Verbera
522 2296 754 2342 succincti
787 2294 1121 2342 formidavere
1150 2292 1377 2356 Luperci.

267 2384 336 2431 Et
367 2398 498 2430 nunc
534 2398 603 2430 ex
632 2384 718 2430 illo
754 2384 923 2430 forsan
953 2398 1125 2444 grege,
1170 2380 1399 2443 gentibus
1436 2380 1562 2428 alter

268 2470 389 2519 Jura
422 2472 510 2519 dat
538 2473 684 2529 Eois,
720 2472 845 2519 alter
880 2472 1150 2535 compescit
1177 2470 1363 2527 Iberos,

268 2559 409 2607 Alter
435 2561 828 2609 Achaemenium
863 2560 1075 2607 secludit
1104 2543 1373 2620 Zeugmate
1404 2558 1615 2605 Persen:

270 2646 339 2694 Hi
373 2647 504 2695 dites
539 2648 690 2697 Asiae
720 2650 957 2713 populos,
991 2649 1044 2695 hi
1071 2648 1277 2695 Pontica
1308 2647 1522 2704 frenant,

272 2734 340 2783 Hi
375 2736 483 2783 fora
512 2738 724 2799 pacificis
770 2737 1040 2784 emendant
1071 2736 1312 2793 fascibus,
1342 2735 1417 2782 illi

274 2823 452 2872 Castra
481 2823 565 2887 pia
600 2826 814 2870 statione
850 2833 1023 2872 tenent
1031 2841 1045 2884 ;
1084 2833 1139 2871 tu
1173 2824 1336 2871 laudis
1367 2825 1519 2886 origo.

276 2912 390 2961 Non
424 2912 516 2959 tibi
548 2919 823 2959 certassent
848 2914 1095 2974 juvenilia
1129 2914 1313 2974 fingere
1348 2913 1500 2960 corda

2414 414 2521 472 147

2415 629 2512 678 165

2410 1073 2512 1122 1⁷0

2411 1515 2507 1562 175

2409 1956 2509 2002 180

2390 2384 2502 2440 ’185

2406 2836 2504 2883 190

363 3141 404 3170 v.
433 3142 510 3174 171.
538 3141 635 3180 vulg.
659 3148 788 3173 nonos.
839 3143 915 3173 181.
939 3141 1178 3171 Muxsi-iuris
1199 3144 1290 3170 Aus-
1337 3139 1416 3170 182.
1437 3139 1608 3170 Αιέωυε.
1656 3140 1752 3178 [191.
1776 3148 2031 3183 cunsmr,
2058 3148 2159 3180 ute·
2184 3155 2391 3185 ennun-
2412 3152 2507 3195 lego-

273 3197 380 3229 batur.
422 3204 489 3230 ευ.
516 3200 601 3239 mm]

1621 3249 1731 3298 '1¹2
