2892 3840
389 375 491 425 410

390 499 602 539 intelligebat
626 498 750 532 animal
774 496 862 528 istud
891 494 979 534 quod
1013 490 1133 522 Graeci
1155 489 1309 532 πίθηκον
1332 489 1474 519 vocant.

393 547 512 588 ‚‚Ego,
536 543 657 585 inquit,
689 553 758 576 non
778 543 938 573 habebam
964 546 1104 577 puerum
1129 537 1277 574 emptum
1301 543 1345 565 ex
1360 543 1475 587 ‘grege

395 593 463 634 „et
485 592 622 624 catasta
643 589 902 630 Aegypti01·uni;
938 583 995 622 qui
1025 593 1046 613 a
1079 590 1247 622 mangone
1272 580 1396 611 eruditi
1425 581 1478 610 lo-

395 646 543 680 ‚,quaces
565 637 644 669 sunt
666 638 823 674 tanquam
855 630 963 670 picae,
987 632 1047 660 aut
1070 628 1218 668 gestibus
1241 629 1378 658 situlum
1402 625 1478 656 imi-

397 686 558 725 „tautur3
583 683 642 715 sed
668 684 782 713 natum
810 677 896 717 apud
923 685 977 706 me
1002 673 1209 714 adoptavi.“
1255 674 1353 713 Euge
1388 673 1475 703 bone

395 733 579 771 interpres,
613 728 656 760 ad
677 724 818 758 Phaedri
851 723 996 753 Fabulas
1030 719 1228 760 ablegande,
1253 718 1309 750 ubi
1331 719 1476 750 arbores

395 777 596 818 loquuntur,
620 783 688 804 non
722 766 861 802 tantum
892 770 1012 811 ferae.
1059 768 1097 797 T.
1123 768 1322 797 Demsterus
1354 764 1395 795 ad
1420 764 1479 795 lib.

396 825 435 854 V.
455 821 573 854 Rosini
594 817 793 856 Antiquitat.
821 816 942 855 probat
965 813 1195 852 conjecturam
1223 811 1287 842 viri
1313 810 1401 842 docti
1427 811 1479 841 le-

395 869 505 909 gentis
527 867 646 905 lingua
668 866 819 902 Sannum,
843 861 931 900 quod
957 859 1088 899 accepit
1111 866 1175 898 pro
1198 862 1314 896 acuto,
1340 865 1383 888 cx
1407 858 1478 888 No-

396 916 453 945 nio
479 910 654 943 Marcello.
699 908 766 940 Sed
799 908 888 938 hunc
921 907 1047 938 refutat
1083 904 1275 937 Gronovius
1303 902 1411 934 Diatr.
1449 913 1478 933 c.

395 961 481 991 LXI.
506 960 543 988 et
568 955 650 995 legit
674 955 796 996 lingua
821 960 956 990 S1M1L13
992 955 1027 984 et
1052 951 1126 982 fuse
1161 953 1195 982 et
1217 949 1348 981 erudite
1371 949 1482 988 expli--

397 1007 449 1036 cat
469 1004 511 1033 de
534 1011 643 1042 puero
669 999 889 1040 pantomimo,
910 1007 1020 1039 quem,
1042 997 1163 1038 inquit,
1183 1001 1389 1037 protervum
1412 996 1480 1026 lin-

392 1060 465 1092 gua
487 1049 594 1080 simili
614 1047 706 1088 dicit,
730 1045 795 1086 qua
821 1046 977 1076 nimirum
1001 1052 1120 1075 sensus
1144 1051 1400 1081 sermonemque
1421 1041 1483 1072 ali-

395 1106 491 1128 orum
520 1094 713 1126 comoedice
741 1094 859 1125 refert.
906 1090 1039 1130 Optime
1064 1099 1168 1128 sane3
1201 1088 1267 1119 nisi
1292 1088 1382 1128 quod
1404 1097 1484 1127 pro-

395 1142 469 1182 pius
489 1144 540 1173 est
566 1140 755 1180 scripturae
771 1138 943 1179 Codicum,
963 1135 1032 1167 una
1059 1138 1188 1177 tantum
1215 1134 1316 1166 litera
1343 1131 1484 1174 mutata,

485 1188 690 1230 Infantem,
717 1187 842 1227 lingua
866 1191 1015 1224 mmmm,
1042 1184 1242 1223 salibusque
1259 1185 1484 1220 protervum:

395 1236 538 1267 nimium
564 1234 683 1275 lingua
692 1242 708 1272 ,0
734 1234 776 1263 ob
802 1231 891 1271 quod
925 1236 1027 1269 sup‘ra
1052 1231 1153 1261 vocat
1177 1234 1359 1266 Loqlmcns
1383 1227 1484 1258 Deli-

396 1284 486 1313 cias.
537 1278 697 1311 Horatius
721 1281 830 1310 Carni.
854 1279 898 1318 11,
929 1278 981 1308 12.

486 1327 559 1356 Nec
583 1335 708 1357 saevos
733 1323 921 1365 Lapithas,
944 1327 981 1354 et
1001 1328 1132 1353 mmmm
1153 1327 1254 1352 MERo

483 1372 670 1412 Hylaeum.

396 1418 452 1450 Sic
483 1420 684 1450 immodicae
719 1424 820 1450 MERO
856 1418 962 1447 rixae
989 1416 1100 1446 Carm.
1131 1414 1159 1454 1,
1190 1411 1242 1444 13.
1270 1413 1484 1443 immodicum

397 1472 517 1496 nic'rls
542 1465 728 1497 Ich-artem
760 1464 834 1495 Val.
861 1463 1005 1493 Flaccus
1038 1462 1077 1502 V,
1105 1460 1184 1493 597.
1211 1457 1268 1490 ubi
1296 1457 1373 1490 vide
1398 1459 1485 1489 Bur-

398 1520 575 1552 mannum,
608 1511 665 1550 qui
697 1519 741 1542 ex
775 1509 893 1541 Tacito
931 1509 1044 1539 locum
1078 1504 1214 1537 adducit
1245 1504 1333 1536 Hist.
1366 1507 1394 1545 1,
1427 1506 1482 1536 35.

396 1560 646 1598 ignavissimus
679 1558 834 1599 quisque,
865 1561 910 1595 et,
946 1559 987 1585 ut
1017 1561 1074 1584 res
1101 1552 1228 1587 docuit,
1260 1553 1298 1582 in
1322 1551 1483 1591 periculo

398 1613 464 1634 non
489 1613 658 1641 ausurus,
679 1611 775 1635 mnu
798 1607 941 1641 VERBIS,
969 1601 1110 1639 linguae
1127 1598 1287 1638 feroces.
1317 1596 1372 1626 Sic
1396 1597 1484 1626 mul.

399 1655 455 1680 tus
488 1651 551 1680 sile
582 1652 623 1681 N.
649 1651 692 1680 H.
722 1649 872 1684 XXXV,
909 1647 962 1675 ll.
1005 1643 1047 1673 de
1087 1641 1298 1680 Mecophane
1333 1640 1484 1679 pictore:

398 1690 490 1726 alitis
513 1697 621 1726 durus
645 1698 681 1725 in
707 1694 891 1728 coloribus,
917 1696 952 1721 et
974 1696 1052 1720 sius.
1078 1695 1234 1718 numus.
1258 1686 1306 1717 ita
1331 1689 1424 1717 recte
1450 1696 1485 1716 e-

399 1741 646 1772 mendaverunt
695 1737 889 1770 Gronovius
926 1737 960 1766 et
994 1734 1181 1765 Pintianus.
1230 1732 1287 1762 Sil
1323 1735 1374 1762 est
1410 1732 1485 1771 pig..

400 1787 502 1818 menti
523 1797 641 1826 genus.
664 1787 792 1816 multus
817 1785 882 1814 sile
905 1781 961 1820 qui
986 1789 1026 1810 eo
1046 1779 1217 1819 pigmento
1240 1777 1346 1808 multo
1366 1778 1485 1808 utitur.

399 1834 501 1864 Potes
528 1834 628 1863 etiam
655 1832 767 1869 legere
799 1829 938 1869 linguae
962 1827 1113 1864 ninn'um,
1147 1828 1185 1855 ut
1218 1823 1307 1861 apud
1334 1823 1393 1855 Sil.
1420 1826 1488 1854 lta-

398 1879 500 1908 licum
534 1879 575 1913 V,
610 1877 692 1907 232.
730 1875 873 1905 nimium
901 1880 1063 1911 pugnae,
1099 1872 1307 1909 nimiumque
1339 1871 1487 1901 cruoris.

398 1923 466 1955 Sed
489 1933 556 1954 non
586 1930 670 1960 opus
695 1922 758 1961 est,
785 1928 859 1950 cum
883 1918 1007 1958 lingua
1036 1918 1177 1947 nimium
1203 1914 1249 1945 sit
1275 1924 1383 1954 aeque
1410 1926 1489 1956 pro-

398 1972 488 2001 bum.
535 1968 620 2000 Vide
651 1968 879 1997 Burmannum
906 1964 946 1994 ad
978 1963 1090 1993 locum
1124 1962 1198 1993 Val.
1232 1961 1359 1990 Flacci.
1407 1964 1488 1999 [Pro

399 2017 585 2057 linguaque
610 2013 718 2045 simul
740 2015 824 2043 Ven.
852 2011 973 2051 lingua
993 2017 1169 2039 summum.
1208 2007 1263 2036 Ex
1287 2008 1396 2045 Anu]
1422 2008 1488 2037 Pro

400 2063 580 2104 Infantem
614 2061 723 2091 Parm.
755 2059 960 2096 monstrose,
989 2055 1179 2097 Infastale.
1214 2053 1310 2082 Vera.
1340 2054 1393 2083 70.
1422 2054 1487 2084 Pro

399 2107 541 2147 Except·
564 2111 600 2138 et
634 2108 790 2137 vinctum
822 2105 930 2134 Parm.
973 2103 1008 2132 et
1046 2101 1142 2132 Rom.
1181 2097 1335 2138 Aspem‘:
1383 2103 1489 2139 atque

402 2159 552 2186 unctum.
598 2154 751 2184 Frustra.
778 2149 925 2189 Epithal.
949 2147 1044 2178 Stell.
1072 2156 1102 2176 v.
1132 2149 1209 2178 100.

774 2197 899 2229 tellure
923 2195 1100 2224 cadentem

490 2243 633 2284 Excepi,
650 2244 798 2286 fovique
821 2245 912 2274 sinu.

402 2293 557 2330 recipere
581 2291 659 2321 sinu
699 2288 780 2320 dicit
811 2287 953 2319 Geneth.
988 2286 1114 2316 Lucan.
1149 2293 1180 2314 v.
1222 2286 1276 2317 38,
1309 2287 1490 2324 suscipere

399 2340 531 2378 gremio
562 2335 769 2367 Claudianus
799 2334 835 2365 in
870 2334 976 2364 Rufln.
1011 2333 1037 2371 1,
1074 2332 1128 2361 94.
1164 2331 1266 2361 Recte
1290 2341 1422 2371 quoque
1457 2339 1489 2363 et

402 2386 565 2415 vinctum.
612 2381 750 2413 Ovidius
774 2381 881 2420 Ibide,
905 2381 946 2410 de
973 2377 1032 2408 illo
1057 2386 1178 2408 recens
1201 2380 1295 2418 nato,
1321 2388 1353 2409 v.
1375 2379 1454 2409 235.

491 2429 710 2468 Membraque
731 2435 946 2458 vmxanmwr
973 2425 1094 2455 tinctis
1122 2425 1311 2468 ferrugine
1329 2427 1488 2464 pannis.-

402 2474 459 2505 ubi
484 2474 562 2506 vide
587 2476 692 2506 Notas
730 2473 925 2505 Burmanni.
984 2469 1111 2502 Plinius
1134 2474 1288 2503 Prooem.
1323 2471 1380 2502 lib.
1418 2473 1488 2503 vu.

404 2523 480 2552 Nat.
508 2521 595 2552 Hist.
626 2521 668 2551 de
694 2519 855 2551 Homine:
886 2519 937 2550 Ab
961 2518 1025 2549 hoc
1052 2519 1141 2550 lucis
1170 2519 1377 2559 rudimento,
1400 2527 1491 2558 quae

403 2578 446 2598 ne
469 2569 577 2610 feras
605 2568 738 2606 quidem
763 2568 854 2598 inter
885 2575 947 2596 nos
983 2567 1137 2605 genitas,
1169 2571 1327 2596 lecULA
1359 2565 1492 2603 excipi-

404 2619 478 2654 unt,
513 2619 550 2645 et
573 2615 723 2644 omnium
754 2614 980 2644 membrorum
1018 2620 1147 2642 nexus:
1182 2607 1300 2651 itaque
1331 2611 1489 2652 feliciter

403 2665 507 2691 natus
521 2660 632 2700 jacet,
658 2660 819 2690 manibus
838 2659 1050 2699 pedibusque
1075 2664 1280 2698 DElec'rls,
1294 2655 1391 2696 flens
1415 2658 1489 2687 am·-

405 2706 476 2736 mal
498 2708 622 2737 ceteris
645 2707 908 2745 imperaturum.
954 2706 1083 2743 Argute
1109 2707 1144 2734 et
1169 2703 1354 2742 eleganter.

450 2761 483 2782 v.
517 2755 571 2784 71.
617 2753 901 2792 Poscssxrnnque
944 2760 1055 2782 novas
1099 2750 1255 2781 tremulis
1295 2748 1487 2780 ululatibus

404 2801 543 2838 auras]
591 2798 716 2830 Nullus
750 2798 786 2829 in
824 2797 875 2828 his
913 2805 1044 2829 sensus.
1094 2798 1209 2828 Infans
1257 2794 1346 2826 enim
1389 2793 1487 2824 modi)

404 2846 503 2875 natus
528 2853 598 2876 non
622 2852 754 2876 roscrr
780 2853 892 2875 novas
920 2852 1032 2875 auras
1062 2843 1271 2879 ululatibus,
1295 2850 1368 2873 cum
1398 2843 1488 2871 certe

403 2891 478 2929 plus
502 2901 616 2922 aurae
635 2892 704 2930 jam
730 2891 853 2923 habeat
872 2899 970 2929 quam
997 2899 1070 2921 cum
1104 2889 1138 2919 in
1167 2888 1284 2920 matris
1311 2890 1410 2919 utero
1436 2886 1489 2917 in-

405 2937 517 2968 clusus
539 2937 613 2969 fuit.
660 2939 775 2974 Quare
799 2937 904 2977 igitur
923 2941 1088 2976 posceret
1112 2944 1237 2976 auras,
1264 2944 1338 2965 cum
1359 2934 1429 2973 jam
1454 2933 1490 2964 in

404 2993 529 3014 auram
554 2988 716 3024 apertam
737 2983 848 3016 editus
874 2983 942 3014 sit?
972 2982 1114 3022 aequius
1148 2983 1223 3013 erat
1255 2984 1293 3013 ut
1318 2980 1490 3012 diceretur

401 3039 545 3066 poscere
560 3039 685 3061 novum
708 3032 955 3061 nutrimentum
975 3029 1031 3060 vel
1053 3038 1233 3060 mammam
1254 3026 1371 3059 matris
1391 3023 1488 3067 quam

406 3085 525 3106 auras.
572 3075 715 3116 Scripsit
738 3076 878 3114 Statius,

493 3122 777 3164 Pursmrrnque
802 3132 912 3155 novas
934 3121 1089 3154 tremulis
1113 3120 1302 3153 ululatibus
1333 3129 1443 3151 auras

498 3166 640 3199 Inserui
661 3172 769 3200 vitae.

410 3210 576 3241 Asconius
599 3214 715 3255 Epigr,
742 3216 817 3247 108.

1208 367 1395 414 NOTAE
1425 376 1495 417 Ap
1539 365 1644 413 Lm.
1684 365 1741 411 V.
1778 367 1822 411 5.

2510 364 2651 435 9³32*

1634 489 1817 530 Principio
1841 487 1996 527 tremulis
2020 488 2214 531 gannitibus
2238 492 2320 525 aira
2340 499 2494 526 suasa-r.

1545 533 1701 567 Lucanus
1726 534 1781 576 v1‚
1805 535 1885 567 225.
2027 535 2029 538 “
2250 542 2253 546 ·

1913 581 2028 612 laetus
2048 581 2186 624 fragor
2210 555 2349 616 aethera
2375 589 2515 618 rums·

1641 625 1832 657 Victorum.

1545 671 1606 704 Sil.
1631 671 1770 704 Italicus
1799 671 1908 714 XVII,
1939 672 2027 711 136.v

1638 718 1900 758 Quadrupedem
1925 717 2030 749 elatis
2052 724 2271 751 russanum
2297 718 2450 751 calcibus
2472 712 2602 752 Aulus.

1548 763 1753 796 Claudianus
1779 764 1889 795 Praef.
1912 763 1987 795 Lib.
2015 765 2058 794 11.
2083 763 2119 795 in
2143 764 2285 805 Eutrop.
2309 773 2343 797 V.
2369 766 2426 798 51.

1638 809 1809 850 Improbe,
1836 810 1919 850 quid
1939 816 2074 841 russas
2104 810 2324 844 muliebribus
2347 811 2441 843 astra
2466 809 2636 851 querelis?

1549 854 1692 888 Ovidius
1719 857 1800 887 Met.
1828 857 1892 897 111,
1919 857 1998 887 706.

1639 901 1668 946 y
1680 902 1837 934 Penthea
1863 904 1918 934 sie
1938 909 2045 934 lcws
2070 901 2182 943 longis
2207 901 2391 935 ululatibus
2414 901 2534 934 aether

1642 948 1766 980 Movit.

1549 994 1700 1027 Avienus
1725 995 1844 1026 Descr.
1868 993 1949 1024 Οτι).
1975 999 2008 1023 v.
2035 991 2115 1024 753.

1642 1041 1814 1072 Producit
1835 1043 1968 1070 noctem
1992 1038 2094 1070 ludus
2119 1047 2250 1070 sacer:
2273 1038 2363 1070 aera
2383 1045 2551 1071 rursus·

1642 1087 1801 1126 Vocibus,
1828 1092 1864 1118 et
1890 1085 2020 1116 crebris
2044 1085 2118 1116 late
2143 1085 2221 1116 sola
2247 1085 2400 1118 calcibus
2425 1090 2562 1128 urgent.

1553 1135 1645 1166 ldem
1668 1143 1699 1165 v.
1729 1133 1807 1164 842.
1828 1131 1870 1162 de
1894 1132 2007 1162 Tauro
2033 1132 2169 1163 moute:

1921 1187 2016 1209 nunc
2038 1183 2152 1210 autem
2176 1177 2329 1219 subrigit
2352 1178 2442 1209 nuens

1646 1223 1816 1264 Obliquas
1840 1231 1953 1264 arces,
1975 1229 2011 1255 et
2023 1222 2163 1264 flexilis
2186 1224 2268 1254 aera
2290 1231 2454 1257 roasa-r:

1553 1281 1610 1314 ubi
1618 1282 1706 1313 forte
1718 1279 2105 1320 scribendumflexn'bus.
2125 1280 2307 1321 Impellere
2317 1289 2430 1313 auras
2439 1280 2558 1312 eodem
2565 1287 2641 1311 sen-

1553 1339 1592 1360 su
1601 1327 1742 1360 ovidius
1765 1327 1849 1357 Met.
1874 1328 1936 1367 Ill,
1953 1329 2010 1358 20.
2026 1327 2212 1369 mugitibus
2227 1334 2376 1360 mrum-r
2389 1333 2524 1359 nuans.
2551 1328 2643 1358 Con-

1554 1376 1659 1407 trario
1687 1373 1788 1406 modo
1821 1374 1983 1405 mutatam
2012 1383 2033 1405 a
2069 1372 2232 1405 bibi-ariis
2264 1373 2352 1406 hanc
2385 1382 2504 1405 vocem
2540 1372 2643 1405 credo

1552 1424 1723 1461 Protrept.
1767 1418 1913 1459 Crispin.
1941 1429 1973 1450 v.
2006 1422 2082 1452 125.
2109 1419 2168 1451 ubi
2202 1428 2264 1458 pro
2287 1426 2429 1457 {unsar
2464 1421 2547 1460 puto
2569 1420 2645 1451 Sta-

1553 1468 1636 1500 tium
1663 1465 1840 1508 scripsisse
1878 1473 2016 1498 roscrr.
2063 1467 2128 1498 Pro
2162 1466 2307 1499 Inserun·
2339 1467 2450 1498 Parin.
2490 1465 2644 1510 Inferni.

1553 1518 1649 1547 Vers.
1672 1517 1732 1547 73.
1757 1522 1819 1552 pro
1849 1518 1948 1544 urtus
1964 1515 2075 1545 Parm.
2096 1517 2224 1544 artus.-
2250 1513 2344 1545 Rom.
2370 1518 2508 1546 arctus.

1600 1571 1633 1593 v.
1671 1560 1727 1593 74.
1781 1558 1951 1592 Uberibus
1994 1561 2068 1601 tibi,
2106 1569 2234 1601 parve,
2275 1560 2362 1593 dedi.
2393 1567 2467 1591 asu
2499 1565 2645 1590 munera

1774 1610 1898 1635 nostra

1645 1648 1796 1680 Ridebas
1831 1655 1989 1680 munaus
2024 1648 2167 1687 adbuc-1
2215 1649 2295 1682 Scio
2327 1649 2406 1689 quid
2439 1647 2506 1680 dici
2536 1645 2643 1686 possit

1553 1703 1615 1733 pro
1639 1694 1703 1724 hac·
1725 1694 1864 1724 licentia
1887 1694 2020 1733 poetica
2041 1695 2122 1725 dedi
2142 1694 2222 1736 heu,
2245 1695 2302 1726 ubi
2328 1695 2460 1733 vocalis
2479 1696 2559 1725 ante
2583 1701 2644 1724 vo-

1557 1741 1663 1770 calem
1690 1749 1758 1770 non
1781 1739 1929 1770 eliditur.
1975 1739 2042 1770 Sed
2068 1739 2196 1769 Statius
2222 1749 2292 1770 non
2318 1742 2449 1771 tantum
2476 1739 2540 1771 sibi
2563 1748 2644 1778 per-

1556 1786 1648 1817 misit
1674 1784 1708 1815 in
1733 1784 1784 1815 his
1808 1785 1934 1822 Silvis3
1977 1784 2037 1815 vix
2060 1784 2097 1814 in
2122 1784 2304 1827 Thebaide,
2333 1786 2400 1816 nisi
2430 1785 2489 1816 ubi
2510 1786 2645 1816 turbate

1557 1834 1592 1863 et
1613 1831 1878 1871 praecipitanter
1914 1830 2025 1862 oratio
2060 1830 2272 1871 concipitur;
2307 1832 2363 1863 vel
2396 1835 2476 1863 ante
2509 1829 2647 1862 nomina

1556 1879 1709 1909 locorum
1742 1879 1802 1908 aut
1828 1877 2020 1917 Hominum,
2047 1878 2179 1908 Graeco
2212 1886 2318 1910 more.
2366 1878 2463 1909 Unde
2489 1880 2583 1908 reete
2610 1885 2645 1906 e-

1558 1923 1726 1964 mendavi,
1749 1925 1801 1953 Tu
1828 1933 1974 1954 munera
1997 1928 2124 1954 nostra
2151 1923 2333 1957 Ridebas:
2366 1924 2457 1963 quod
2480 1921 2648 1955 sermonis

1559 1969 1730 2009 elegantia
1751 1970 1953 2008 postulabat.
1974 1969 2120 2011 Deinde,
2141 1979 2203 2008 pro
2224 1976 2383 2002 munaus
2403 1969 2518 2007 adbuc
2537 1970 2646 2000 Parin.

1559 2019 1594 2047 et
1626 2017 1720 2046 Rom.
1746 2023 1950 2047 manuus:
1990 2015 2268 2054 quemadmodum
2294 2014 2396 2047 etiam
2423 2016 2550 2048 habere
2574 2015 2648 2048 MS.

1558 2063 1700 2094 Senens.
1743 2065 1778 2093 et
1812 2063 1931 2093 venet.
1967 2062 2058 2093 Edit.
2095 2063 2191 2093 notat
2226 2061 2418 2093 Gronovius
2459 2060 2569 2093 Distr-
2617 2070 2646 2092 c.

1559 2108 1725 2138 XXXIII.
1751 2108 1842 2144 quod
1863 2109 2059 2146 comprobat
2075 2107 2137 2138 hac
2155 2108 2395 2149 explicatione,
2423 2106 2648 2148 „beneficium

1559 2162 1702 2194 „meum
1725 2152 1874 2182 nondum
1898 2150 2121 2193 intelligebas,
2147 2162 2210 2184 nec
2238 2155 2354 2193 gratus
2378 2162 2451 2185 esse
2475 2151 2647 2193 poteras.“

1560 2198 1641 2230 Mihi
1666 2198 1773 2229 multo
1802 2197 1915 2238 potius
1942 2197 2077 2229 videtur
2110 2206 2291 2231 maranus:
2331 2200 2395 2241 Tu,
2429 2199 2550 2240 inquit,
2575 2198 2648 2230 risu

1558 2244 1751 2284 excipiebas
1776 2253 1887 2275 meum
1915 2253 2048 2285 munus,
2084 2246 2230 2286 ignarus
2258 2245 2374 2277 adbuc
2402 2249 2565 2284 quantum
2587 2245 2647 2276 be-

1557 2291 1714 2322 neficium
1748 2290 1810 2321 tibi
1844 2291 2066 2322 contuleram.
2124 2292 2180 2324 Sic
2222 2292 2263 2323 de
2308 2291 2452 2324 Glaucia
2491 2290 2647 2329 Melioris

1559 2337 1706 2370 Martial.
1728 2336 1847 2377 Epigr.
1871 2339 1929 2374 VI,
1956 2337 2014 2367 20.

1650 2394 1802 2426 Munera
1827 2404 1903 2426 cum
1921 2398 2046 2434 posset
2069 2394 2218 2425 nondum
2245 2394 2376 2425 sentire
2397 2395 2556 2434 patroni,

1695 2440 1849 2473 Glaucia
1870 2442 2014 2472 libertus
2033 2439 2112 2479 ,iam
2135 2439 2295 2472 Melioris
2321 2444 2424 2470 erat.-

1555 2498 1618 2529 hoc
1643 2500 1705 2539 est,
1729 2500 1877 2540 ignarus
1903 2498 2018 2529 adhuc
2043 2497 2186 2529 Glaucia
2207 2497 2348 2529 libertus
2371 2496 2444 2527 erat
2468 2494 2643 2533 Melioris;

1555 2554 1625 2576 non
1661 2547 1839 2586 ingratus.
1896 2544 2102 2576 Claudianus
2138 2544 2255 2575 Laude
2299 2546 2450 2576 Serenae
2483 2540 2645 2582 Reginae,

1556 2600 1586 2621 v·
1615 2591 1668 2622 82·
1930 2636 2003 2667 alio
2030 2640 2102 2666 tum
2128 2643 2253 2674 parvus
2278 2635 2315 2665 t’n
2339 2642 2412 2665 axe

1652 2685 1842 2717 Crescebat
1866 2682 2025 2718 Stilicho,
2051 2683 2189 2722 von‘que
2213 2680 2350 2721 ignarus
2375 2678 2512 2721 agebat.

1557 2745 1610 2774 De
1635 2740 1897 2773 commutatione
1921 2748 2041 2770 vocum
2067 2742 2215 2780 {gnarus
2242 2741 2277 2770 et
2298 2739 2462 2779 ingratus
2487 2733 2646 2766 consulas

1557 2788 1734 2820 Heinsium
1757 2788 1800 2819 ad
1826 2786 1924 2819 Ovid.
1948 2788 2030 2816 Met.
2056 2787 2129 2824 vu,
2157 2788 2236 2817 711.

1605 2843 1637 2867 v.
1663 2836 1719 2866 75.
1938 2839 2234 2863 ΡΒοΡΕηΑνΕηΑΤ
2265 2831 2323 2862 ille

1652 2880 1723 2912 Sed
1747 2881 1867 2911 merito
1890 2879 2121 2920 properabat,
2154 2879 2283 2918 amon]
2329 2875 2521 2911 Parmensis
2545 2877 2646 2911 habet

1558 2933 1864 2958 raorannnnrr:
1900 2926 1990 2966 quod
2018 2924 2117 2956 unice
2140 2933 2258 2956 verum
2289 2925 2351 2955 est.
2398 2923 2552 2965 Obiectio
2580 2926 2645 2964 est,

1560 2975 1595 3005 et
1620 2972 1823 3013 obiectionis
1848 2972 1981 3004 solutio.
2027 2971 2130 3003 Dicet
2150 2970 2285 3012 aliquis,
2305 2970 2394 3002 Satis
2417 2971 2558 3004 festinas
2578 2968 2644 3001 tul-

1559 3019 1614 3059 sti,
1641 3023 1669 3052 0
1691 3019 1790 3057 Stati,
1813 3018 1850 3051 in
1874 3028 1990 3051 amore
2009 3019 2067 3050 tuo
2093 3027 2175 3058 erga
2196 3018 2285 3049 hunc
2308 3026 2462 3059 puerum,
2487 3014 2641 3050 donando

1558 3066 1609 3098 illi
1632 3067 1824 3098 libertatem
1858 3066 1965 3097 adhuc
2000 3064 2129 3096 infanti.
2174 3063 2368 3104 Respondet
2396 3063 2541 3098 Statius:
2572 3052 2641 3092 Sed

1560 3113 1681 3145 meriti)
1707 3112 1890 3152 properavi
1919 3114 1952 3143 et
1976 3111 2117 3142 festinus
2139 3109 2186 3141 l'ui
2211 3110 2247 3141 in
2273 3110 2430 3142 donando
2452 3104 2660 3141 ubertatem

1561 3169 1647 3200 quae
1671 3161 1739 3191 tam
1763 3158 1875 3190 brevis
1902 3159 2016 3190 futura
2048 3157 2123 3189 fuit.
2169 3156 2426 3197 Properavern’t
2453 3155 2506 3185 est
2528 3154 2574 3184 ss'l
2601 3157 2641 3184 ut

1556 3207 1814 3247 properaverit,
1842 3205 1898 3237 vel
1926 3206 2010 3237 licet
2028 3204 2288 3245 properaverit,
2322 3200 2469 3234 concedo
2502 3202 2539 3231 ut
2563 3208 2643 3239 pro-
