2892 3840
1316 566 1351 614 1.

393 686 841 745 GLAUCIAS
889 687 1208 747 ATEDII
1246 686 1690 748 MELIORIS
1733 690 2267 753 DELICATUS.

210 898 430 1001 QUOD
464 926 556 974 tibi
588 928 866 991 praerepti,
902 926 1105 983 Melior,
1136 925 1362 974 solamen
1393 927 1598 987 alumni,

208 1019 466 1084 [mprobus
496 1029 613 1068 ante
642 1035 813 1082 rogos,
847 1026 899 1065 et
928 1018 1091 1064 adhuc
1120 1018 1327 1065 vivente
1362 1018 1535 1067 favilla

209 1108 416 1156 Ordiar'?
446 1109 670 1173 abruptis
705 1109 983 1155 etiamnum
1009 1104 1173 1151 flebile
1207 1105 1353 1153 venis

207 1197 396 1244 Vulnus
429 1195 564 1255 hiat,
594 1210 903 1259 magnaeque
935 1200 1076 1259 patet
1108 1193 1197 1241 via
1230 1191 1420 1240 lubrica
1453 1194 1643 1258 plagae.

209 1285 335 1334 Cum
365 1286 474 1348 jam
504 1293 703 1348 egomet
735 1292 939 1342 cantus,
974 1290 1026 1330 et
1053 1281 1211 1331 verba
1239 1282 1498 1331 medentia
1530 1287 1696 1335 saevis

209 1374 452 1432 Confero,
487 1382 542 1422 tu
575 1375 832 1438 planctus,
867 1374 1184 1436 lamentaque
1220 1371 1373 1421 fortia
1405 1374 1587 1431 mavis,

210 1463 469 1528 Odistique
500 1462 704 1525 chelyn,
740 1463 988 1527 surdaque
1024 1462 1267 1510 averteris
1304 1476 1438 1509 aure.

207 1553 511 1617 Intempesta
541 1567 689 1600 cano:
726 1554 871 1601 citius
905 1567 987 1600 me
1019 1552 1160 1613 tigris
1189 1549 1378 1598 abactis

205 1642 472 1701 Foetibus,
503 1642 760 1707 orbatique
788 1644 950 1693 velint
979 1640 1153 1690 audire
1183 1640 1368 1688 leones.

206 1729 310 1780 Nec
341 1731 385 1778 si
412 1733 742 1793 tergeminum
777 1731 943 1779 Sicula
977 1731 1041 1779 de
1069 1731 1264 1791 virgine
1296 1743 1497 1778 carmen

206 1819 414 1878 Affluat,
442 1827 530 1868 aut
557 1821 698 1869 silvis
732 1820 901 1880 chelys
934 1818 1212 1876 intellecta,
1245 1819 1481 1882 ferisque,

206 1907 422 1957 Mulceat
445 1910 650 1957 insanos
684 1910 912 1972 gemitus.
984 1915 1085 1955 stat
1116 1915 1317 1970 pectore
1354 1907 1562 1956 demens

207 1998 417 2056 Luctus,
452 2007 505 2046 et
533 1998 737 2047 admoto
772 1999 959 2046 latrant
987 1996 1279 2061 praecordia
1311 2003 1460 2044 tactu.

208 2085 368 2135 Nemo
402 2095 571 2146 vetat,
604 2089 787 2135 satiare
823 2088 992 2146 malis3
1028 2100 1327 2157 aegrumque
1361 2085 1585 2136 dolorem

209 2175 463 2224 Libertate
494 2176 657 2224 doma.
720 2178 829 2238 jam
858 2176 1012 2223 flendi
1041 2176 1246 2239 expleta
1278 2176 1546 2241 voluptas?

209 2263 387 2314 Jamne
412 2279 584 2330 preces
613 2265 775 2311 fessus
806 2279 909 2311 non
938 2265 1214 2327 indignaris
1248 2266 1463 2314 amicas?

207 2350 385 2401 Jamne
420 2353 625 2402 canam?
656 2353 872 2400 lacrimis
908 2368 973 2399 en
1002 2360 1053 2399 et
1079 2368 1195 2400 mea
1230 2356 1451 2402 carmina
1485 2354 1541 2400 in
1566 2354 1679 2419 ipso

210 2441 309 2490 Ore
341 2449 543 2500 natant,
580 2443 845 2505 tristesque
882 2441 1067 2488 cadunt
1099 2442 1155 2488 in
1187 2442 1345 2491 verba
1373 2442 1566 2490 liturae.

208 2533 319 2598 Ipse
351 2535 538 2581 etenim
570 2542 735 2582 tecum
763 2536 934 2596 nigrae
964 2533 1190 2581 solennia
1221 2549 1454 2598 pompae,

210 2620 594 2687 Spectatumque
624 2623 737 2671 urbi
768 2623 954 2681 scelus,
991 2631 1042 2670 et
1069 2623 1259 2688 puerile
1291 2624 1534 2673 feretrum

212 2709 460 2768 Produxi,
498 2719 550 2758 et
582 2727 760 2761 saevos
798 2712 1022 2760 damnati
1055 2712 1214 2759 thuris
1257 2727 1480 2772 acervoS,

210 2795 588 2861 Plorantemque
622 2802 842 2847 animam
870 2816 1020 2864 supra
1054 2817 1146 2850 sua
1176 2802 1354 2851 funera
1380 2803 1513 2852 vidi:

214 2886 384 2950 Teque
413 2894 611 2951 patrum
646 2891 857 2949 gemitus
885 2899 1229 2954 superantem,
1262 2900 1314 2939 et
1340 2892 1544 2940 brachia
1576 2900 1811 2951 matrum,

213 2973 643 3040 Complexumque
677 2990 848 3038 rogoS,
879 2978 1142 3043 ignemque
1171 2981 1371 3028 haurire
1395 2988 1658 3046 parantem

302 3201 341 3231 v.
361 3202 392 3234 5.
416 3201 514 3242 vulg.
538 3208 682 3233 sun-s.
730 3203 762 3233 6.
785 3203 961 3233 consano.
1010 3202 1042 3234 9.
1067 3203 1193 3246 Forte,
1219 3209 1623 3236 oneum—manne.

1556 3261 1668 3308 1⁴32

2387 404 2523 453 35*

2389 1747 2452 1792 10

2384 2189 2445 2233 15

2376 2632 2445 2678 20
