2892 3840
389 535 535 596 Quod
565 538 718 585 tacita
750 544 972 586 statuere
1012 538 1203 586 bruma.

250 625 355 675 Nos
388 642 539 691 parca
570 628 717 675 tellus
735 662 750 686 ‚
778 629 993 693 pervigil
1027 635 1080 675 et
1112 628 1271 685 focus,

251 712 559 780 Culmenque
594 717 758 765 multo
782 717 971 764 lumine
1000 716 1261 765 sordidum

320 803 581 864 Solantur,
613 814 978 871 exemptusque
1013 813 1146 854 testa

390 893 499 953 Qua
531 896 685 943 modo
720 896 975 943 ferbuerat
1006 894 1222 956 Lyaeus.

248 982 364 1031 Non
393 985 531 1032 mille
560 986 733 1033 balant
756 986 965 1046 lanigeri
991 1000 1184 1046 greges,

249 1072 353 1121 Nec
382 1090 534 1123 vacca
563 1074 695 1121 dulci
721 1075 883 1134 mugit
913 1073 1164 1120 adultero:

318 1161 512 1227 Unique
545 1164 588 1210 si
621 1162 820 1226 quando
848 1162 1047 1209 canenti

385 1251 553 1300 Mutus
590 1267 708 1313 ager
736 1251 940 1299 domino
972 1250 1225 1298 reclamat.

247 1339 349 1388 Sed
380 1348 514 1388 terra
546 1342 723 1405 primis
757 1349 876 1405 post
906 1341 1124 1404 patriam
1152 1339 1278 1386 mihi

245 1428 443 1477 Dilecta
468 1432 621 1478 curis:
653 1431 734 1478 hic
767 1447 883 1479 mea
917 1431 1139 1478 carmina

313 1519 502 1581 Regina
529 1519 771 1567 bellorum
803 1522 978 1581 virago

385 1606 632 1656 Caesareo
670 1609 929 1658 decoravit
958 1623 1107 1656 auro:

246 1695 374 1746 Cum
409 1705 464 1745 tu
493 1698 680 1746 sodalis
713 1699 855 1746 dulce
881 1697 1153 1762 periculum

247 1772 497 1837 connisus
522 1789 662 1835 omni
696 1796 898 1852 pectore
929 1787 1160 1850 tolleres3

314 1875 382 1924 Ut
409 1875 588 1925 Castor
623 1877 688 1925 ad
715 1885 915 1925 cunctos
950 1874 1198 1922 tremebat

379 1965 652 2027 Bebryciae
688 1967 927 2029 strepitus
963 1978 1184 2029 arenae.-

249 2051 386 2102 Tene
417 2056 472 2102 in
500 2057 709 2103 remotis
745 2054 977 2116 Syrtibus
1011 2054 1128 2101 avia

247 2141 423 2207 Leptis
455 2145 676 2194 creavit?
707 2146 816 2207 jam
851 2145 981 2192 feret
1012 2142 1207 2189 Indicas

316 2231 512 2280 Messes
527 2267 541 2292 ,
577 2235 896 2297 odoratisque
927 2247 1042 2279 rara

386 2321 631 2371 Cinnama
658 2323 932 2389 praeripiet
961 2320 1182 2368 Sabaeis.

248 2408 370 2468 Quis
401 2425 504 2458 non
530 2414 585 2458 in
617 2414 754 2459 omni
789 2412 978 2461 vertice
1008 2409 1213 2456 Romuli

245 2497 487 2562 Reptasse
520 2500 716 2548 dulcem
749 2500 1049 2569 Septimium
1083 2498 1257 2562 putet?

318 2585 440 2645 Quis
473 2590 612 2636 fonte
646 2589 914 2647 Juturnae,
944 2588 1130 2636 relictis

381 2673 654 2737 Uberibus,
679 2688 830 2742 neget
858 2695 969 2728 esse
993 2676 1227 2743 pastqu

247 2762 352 2812 Nec
380 2765 509 2812 mira
541 2769 715 2815 virtus.
784 2776 1023 2832 protenus
1054 2767 1316 2815 Ausonum

246 2853 450 2912 Portus,
488 2854 690 2903 dolosae
722 2859 919 2904 nescius
952 2857 1154 2905 Africae

314 2943 499 3000 Intras,
530 2944 894 3010 adoptatusque
922 2945 1096 2994 Tuscis

334 3186 374 3216 v.
402 3188 457 3218 22.
483 3189 579 3228 ναις.
609 3195 702 3219 nme.
751 3188 806 3219 24.
832 3193 1053 3219 Ρεηᾼκᾼνιτ.
1102 3188 1172 3225 [37.
1200 3194 1264 3218 κερ
1288 3188 1508 3222 Mnrssnndus
1535 3191 1667 3222 mutui
1695 3192 1774 3223 iussi

245 3242 300 3273 38.
326 3249 499 3274 vsnosas.

945 419 1409 462 sltvanuu
1475 414 1648 461 ιιι.
1716 413 1794 461 w.

2399 416 2492 463 111

2438 812 2497 854 15

2430 1258 2501 1303 20

2429 1700 2494 1745 25

2425 2152 2493 2195 30

2421 2596 2486 2640 35

1802 3216 1810 3225 .
1838 3203 1911 3223 cum
1942 3196 2042 3226 anien
2071 3202 2163 3226 nuic
2188 3199 2283 3227 emet.
2306 3204 2371 3229 RD.
2399 3206 2478 3244 BR]
