2892 3840
936 430 1403 469 srnvARuM
1465 420 1631 468 Lin.
1696 423 1732 470 Ι.

215 547 286 596 Et
311 546 439 597 limo
468 544 764 612 splendente
800 544 981 607 Tagus.
1050 545 1123 592 sic
1154 544 1303 593 docta
1333 545 1621 611 stequentes

216 638 355 698 Ofia3
384 638 456 686 sic
486 638 625 686 omni
658 636 886 685 detersus
914 643 1120 701 pectora
1150 636 1287 684 nube

212 726 397 777 Finem
428 726 704 778 Nestoreae
736 741 913 791 precor
946 725 1205 788 egrediare
1239 734 1484 775 senectae.

1302 1000 1383 1047 IV.

724 1130 1121 1188 SOTERIA
1164 1129 1516 1187 RUTILII
1567 1131 1956 1193 GALLICI.

207 1342 470 1432 ESTIS,
498 1375 550 1421 io
586 1373 791 1437 Superi,
821 1386 915 1419 nec
946 1370 1262 1419 inexorabile
1300 1369 1479 1420 Clotho

209 1470 381 1521 Volvit
410 1485 560 1536 opus:
593 1468 739 1519 videt
772 1468 905 1516 alma
938 1468 1050 1531 pios
1078 1465 1319 1525 Astraea,
1348 1465 1563 1534 Jovique

210 1559 487 1609 Conciliata
514 1559 668 1618 redit3
705 1557 1031 1620 dubitataque
1064 1555 1233 1603 sidera
1261 1558 1420 1604 cernit

208 1652 439 1700 Gallicus.
505 1652 577 1700 Es
613 1650 774 1708 caelo,
803 1648 894 1697 Dis
931 1663 1012 1707 es,
1048 1647 1370 1707 Germanice,
1402 1647 1556 1706 cordi,

209 1739 331 1801 Quis
358 1741 537 1803 neget?
570 1740 770 1788 erubuit
794 1746 935 1787 tanto
970 1739 1185 1803 spoliare
1216 1740 1450 1786 ministro

207 1834 484 1898 Imperiumx
511 1833 738 1880 Fortuna
769 1839 925 1879 tuum.
996 1838 1099 1878 stat
1132 1833 1367 1894 proxima
1399 1831 1576 1879 cervix

206 1923 450 1972 Ponderis
478 1923 740 1980 immensi,
772 1921 1113 1984 damnosaque
1143 1922 1226 1968 fila
1259 1929 1491 1969 senectae

206 2015 393 2073 Exuit,
426 2022 575 2078 atque
604 2013 729 2060 alios
763 2012 942 2060 melior
967 2013 1230 2060 revirescit
1258 2013 1313 2058 in
1342 2027 1515 2059 annos.

207 2102 340 2164 ffigo
375 2103 591 2162 alacres,
625 2118 752 2167 quae
788 2103 932 2164 signa
961 2102 1130 2148 colunt
1157 2102 1375 2160 urbana,
1407 2101 1654 2160 cohortes,

206 2193 360 2256 Inque
389 2193 554 2239 sinum
585 2207 711 2256 quae
742 2207 894 2255 saepe
930 2199 1073 2238 tuum
1106 2192 1217 2239 fora
1247 2183 1451 2239 turbida
1481 2200 1713 2256 questum

206 2280 514 2342 Confugiunt
545 2281 701 2342 leges,
729 2281 975 2345 urbesque
1002 2282 1283 2346 ubicunque
1313 2290 1513 2345 togatae

206 2370 345 2429 Quae
380 2378 467 2417 tua
495 2371 777 2433 longinquis
810 2371 1083 2434 implorant
1102 2372 1219 2432 jura
1246 2373 1478 2434 querelis,

206 2458 412 2508 Certent
435 2459 652 2518 laetitia3
687 2474 935 2522 nosseque
969 2474 1040 2505 ex
1074 2459 1249 2507 ordine
1286 2461 1423 2508 collis

205 2548 524 2608 confremat,
555 2558 608 2596 et
642 2549 825 2596 sileant
853 2550 1038 2613 pejoris
1064 2564 1322 2598 murmura
1352 2551 1543 2598 famae:

204 2636 397 2702 Quippe
429 2646 626 2697 manet,
654 2639 954 2702 longumque
983 2654 1111 2688 aevo
1142 2640 1387 2687 redeunte
1420 2640 1661 2699 manebit,

205 2726 365 2786 Quem
391 2743 548 2791 penes
578 2729 861 2793 intrepidae
893 2730 1032 2776 mitis
1066 2730 1295 2778 custodia
1322 2731 1527 2779 Romae.

202 2815 307 2864 Nec
334 2823 529 2863 tantum
561 2817 817 2864 induerint
842 2818 959 2867 fatis
995 2834 1129 2870 nova
1164 2823 1362 2870 saecula
1389 2825 1594 2882 crimen,

201 2905 308 2953 Aut
336 2906 604 2952 instaurati
635 2909 919 2969 peccaverit
949 2924 1037 2956 ara
1071 2910 1290 2959 Terenti.

200 2995 298 3043 Ast
331 3010 422 3057 ego
455 3010 548 3042 nec
581 2993 839 3042 Phoebum
871 2996 1175 3061 (quanquam
1211 3001 1337 3047 mihi
1370 3001 1523 3049 surda
1556 3003 1664 3050 sine
1701 3003 1787 3049 illo

287 3206 327 3235 v.
355 3206 430 3236 109.
455 3204 555 3243 Vulg.
590 3212 786 3236 vernerus.
836 3207 867 3238 3.
894 3214 1014 3239 mmr.
1063 3209 1135 3246 [10.
1172 3216 1357 3246 ριέετυις
1386 3209 1449 3241 hoc
1473 3219 1535 3249 pro
1558 3218 1697 3247 ores-ru
1720 3210 1921 3242 auctoritate
1944 3211 2136 3243 Max-klandi
2163 3213 2324 3255 reposui,

199 3268 249 3290 vu.
271 3269 339 3300 seq.
362 3268 470 3292 neces
494 3270 556 3300 pro
582 3269 771 3298 OEGESqUE.
795 3269 862 3293 ΕΒ.
887 3266 972 3303 mz]
1025 3265 1077 3296 13.
1099 3264 1146 3295 ita
1168 3273 1246 3296 mss.
1272 3268 1368 3306 Vulg.
1394 3275 1615 3304 NOSTEnch.

2396 426 2458 471 21

2369 732 2467 776 110

2434 1750 2461 1792 0«

2396 2201 2459 2246 10

2393 2651 2453 2694 15

2358 3217 2395 3245 u(
2414 3218 2447 3245 et
