2892 3840
367 412 435 459 92
795 424 798 429 =
1063 418 1106 454 P.
1175 414 1534 452 PA⁴P1N11
1603 407 1955 453 sTA'r'li

364 534 433 582 Et
459 547 590 582 nunc
622 533 710 582 illa
740 533 859 580 terit
885 530 1096 580 viduum
1130 526 1263 591 quod
1298 526 1406 574 sola
1435 526 1612 590 cubile,

367 624 484 673 Otia
517 632 621 673 tam
647 623 880 689 pulchrae
912 622 1029 668 terit
1057 616 1329 666 infecunda
1347 618 1616 680 juventae:

366 714 470 762 Sed
499 715 708 763 venient
735 711 924 775 plenis,
956 709 1165 759 venient
1199 709 1475 767 connubia,
1508 709 1687 757 taedis.

365 804 448 852 Sic
481 810 638 860 certe,
666 801 953 863 formaeque
994 799 1167 856 bonis,
1199 799 1454 861 anim-ique
1486 806 1740 846 meretur:

364 893 484 942 Sive
516 891 694 951 chelyn
725 889 991 952 complexa
1025 889 1171 945 ferit,
1199 901 1290 934 seu
1318 902 1443 936 voce
1471 893 1685 950 paterna

363 981 671 1030 Discendum
698 979 855 1026 Musis
892 985 1063 1037 sonat,
1095 985 1148 1024 et
1181 992 1297 1024 mea
1330 978 1552 1025 carmina
1581 977 1753 1036 flectit,

364 1069 593 1118 Candida
628 1082 718 1115 seu
752 1067 892 1115 molli
928 1067 1120 1115 diducit
1147 1066 1350 1115 brachia
1381 1074 1546 1125 motu;

360 1159 618 1220 Ingenium
645 1158 868 1222 probitas
885 1191 899 1216 ,
929 1165 1186 1222 artemque
1215 1156 1467 1204 modestia
1492 1157 1663 1204 vincit.

360 1247 539 1296 Nonne
570 1248 710 1296 leves
735 1261 948 1311 pueros,
978 1261 1082 1292 non
1111 1253 1190 1304 te,
1225 1245 1500 1307 Cytherea,
1536 1245 1764 1309 pudebat

358 1336 470 1385 Hoc
506 1351 700 1384 cessare
734 1335 917 1383 decus?
947 1335 1051 1383 Nec
1081 1342 1277 1382 tantum
1304 1335 1464 1383 Roma
1490 1334 1686 1396 jugales

345 1423 642 1473 .Conciliare
674 1431 841 1482 toros,
872 1424 1125 1487 festasque
1160 1425 1430 1470 accendere
1463 1423 1641 1470 taedas

363 1515 590 1574 Fertilis3
628 1521 679 1560 et
704 1520 879 1560 nostra
911 1514 1082 1575 generi
1113 1513 1289 1559 tellure
1325 1511 1590 1558 dabuntur.

364 1602 479 1653 Non
514 1602 641 1650 adeo
676 1602 962 1651 Vesuvinus
998 1616 1159 1666 apex,
1192 1609 1244 1648 et
1275 1602 1510 1648 flammea
1537 1600 1635 1647 diri

365 1693 552 1740 Montis
583 1691 745 1739 hiems
783 1691 1006 1755 trepidas
1039 1691 1279 1739 exhausit
1311 1690 1502 1739 civibus
1530 1690 1708 1737 urbes:

366 1781 539 1838 Stant,
572 1781 868 1845 populisque
901 1781 1087 1841 vigent.
1157 1780 1238 1827 hic
1274 1782 1473 1844 auspice
1503 1780 1704 1827 condita
1736 1780 1951 1829 Phoe-bo*

368 1870 548 1928 Tecta,
584 1870 847 1917 Dicarchei
876 1875 1080 1933 portus,
1116 1877 1168 1916 et
1199 1871 1348 1916 litora
1382 1869 1571 1917 mundo

367 1957 608 2020 Hospita:
645 1964 697 2004 et
725 1957 805 2004 hic
832 1972 1044 2019 magnae
1076 1965 1262 2007 tractus
1290 1960 1545 2007 imitantia
1577 1959 1773 2008 Romae·

369 2046 507 2105 Quae
543 2045 709 2111 Capys
744 2047 969 2097 advectis
1003 2049 1236 2112 implevit
1268 2050 1470 2096 moenia
1499 2049 1718 2098 Teucris.

368 2134 554 2185 Nostra
581 2151 774 2201 quoque
805 2136 942 2184 haud
974 2139 1190 2200 propriis
1227 2139 1420 2195 tenuis,
1449 2153 1542 2184 nec
1572 2153 1687 2184 rara
1719 2139 1909 2187 colonis

368 2225 706 2289 Parthenope3
739 2228 817 2273 cui
851 2227 973 2273 mite
1009 2227 1172 2274 solum
1207 2234 1343 2275 trans
1373 2242 1590 2291 aequora
1618 2235 1794 2278 vectae

369 2314 481 2378 Ipse
511 2314 742 2362 Dionaea
768 2317 1071 2365 monstravit
1096 2315 1277 2380 Apollo
1309 2317 1549 2364 columba.

370 2402 476 2450 Has
512 2419 602 2465 ego
639 2411 689 2451 te
725 2405 870 2452 sedes
903 2406 1042 2470 (nam
1071 2420 1168 2453 nec
1197 2407 1322 2454 mihi
1351 2407 1564 2455 barbara
1594 2406 1788 2455 Thrace

371 2491 475 2539 Nec
500 2492 661 2553 Libye
692 2493 859 2540 natale
892 2495 1075 2560 solum)
1110 2498 1380 2544 transferre
1417 2497 1617 2545 laboro:

374 2579 508 2637 Quas
542 2589 592 2628 et
621 2583 786 2630 mollis
815 2583 1004 2641 hiems,
1041 2592 1092 2630 et
1126 2585 1308 2646 frigida
1339 2591 1590 2649 temperat
1620 2592 1814 2633 aestast

375 2666 509 2726 Quas
540 2670 740 2717 imbelle
770 2671 954 2718 fretum
982 2675 1296 2736 torpentibus
1327 2675 1473 2721 alluit
1498 2675 1660 2722 undis.

374 2758 486 2806 Pax
517 2774 691 2806 secura
719 2759 866 2817 locis,
898 2767 950 2806 et
984 2760 1172 2809 desidis
1201 2765 1305 2810 otia
1331 2765 1486 2822 vitae,

375 2847 444 2894 Et
469 2862 724 2911 nunquam
755 2847 954 2895 turbata
990 2850 1155 2912 quies,
1193 2854 1452 2916 somnique
1483 2854 1689 2917 peracti.

377 2936 525 2985 Nulla
552 2938 661 2986 foro
693 2937 885 2997 rabies,
916 2945 1004 2986 aut
1033 2941 1233 2989 strictae
1267 2943 1427 3004 jurgia
1459 2942 1593 3003 leges

2542 539 2610 584 60

2550 983 2614 1030 65

2551 1433 2617 1478 ⁷0

2552 2328 2618 2372 80

2550 2778 2612 2822 85

473 3167 510 3195 ν.
534 3169 587 3196 60.
628 3170 724 3208 Vulg.
757 3172 834 3203 Heu
866 3183 966 3204 nunc.
1008 3175 1162 3212 [vaUM
1185 3190 1230 3198 --
1253 3183 1397 3217 cumn-2,
1426 3177 1526 3207 antea
1551 3183 1661 3207 vmuo
1684 3190 1729 3200 —
1753 3184 1879 3209 cumn.
1912 3183 1976 3208 ΕΙ).
2003 3179 2084 3216 Da]
2133 3177 2187 3208 64.
2214 3182 2330 3209 Ρετῐτ.
2380 3180 2450 3218 [75.
2478 3188 2614 3225 musve,

388 3221 489 3251 antea
513 3230 635 3253 musm-
662 3232 727 3255 Eo.
752 3231 835 3267 mm]
885 3232 939 3261 76.
973 3238 1021 3262 ΛΤ
1045 3231 1109 3262 hic.
1156 3234 1210 3262 78.
1237 3240 1283 3264 ΕΤ
1308 3232 1464 3272 propriis.
1515 3235 1568 3263 87.
1593 3231 1706 3271 jurgia
1730 3239 1839 3265 mms-
