2892 3840
269 523 572 588 Spectabant
600 525 785 587 Tyriae
819 540 922 573 non
954 534 1102 575 torvo
1135 526 1326 572 lumine
1352 533 1555 575 matres.

922 413 1402 453 s1LvAnum
1466 402 1637 454 LIB.
1705 404 1765 451 V.

266 613 400 675 Ergo
435 629 553 676 age,
587 629 708 663 nam
741 615 911 677 magni
944 615 1100 662 Ducis
1128 611 1442 674 indulgentia
1473 615 1656 678 pulsat,

267 702 514 768 Certaque
549 703 639 752 dat
670 704 807 753 votis
840 703 1013 751 hilaris
1040 704 1258 766 vestigia
1290 702 1462 761 frater,

265 791 423 855 Surge
437 827 451 850 ,
486 794 655 841 animo
690 801 744 840 et
775 793 931 841 fortes
964 800 1240 841 castrorum
1274 793 1478 855 concipe
1508 807 1664 842 curas.

263 880 617 930 Monstrabunt
650 883 782 930 acies
816 882 1019 931 Mavors
1032 916 1047 940 ‚
1081 880 1369 944 Actaeaque
1400 882 1568 943 virg03

263 968 490 1019 Flectere
531 970 709 1020 Castor
744 986 897 1036 equos
910 1005 925 1028 ,
959 970 1183 1018 humeris
1219 978 1423 1033 quatere
1458 986 1601 1020 arma
1634 972 1886 1033 Quirinus,

264 1058 361 1118 Qui
395 1060 487 1107 tibi
522 1068 626 1107 tam
662 1067 835 1106 tenero
870 1061 1102 1123 permisit
1134 1058 1374 1122 plaudere
1411 1061 1535 1107 collo

260 1148 547 1210 Nubigenas
582 1148 810 1211 clypeos,
845 1149 1131 1211 intactaque
1166 1146 1402 1195 caedibus
1433 1164 1563 1196 aera.

261 1235 515 1296 Quasnam
546 1238 699 1299 igitur
734 1244 918 1294 terraS‚
949 1251 1098 1300 quem
1135 1234 1365 1284 Caesaris
1398 1237 1496 1285 ibis
1529 1239 1585 1285 in
1618 1238 1822 1287 orbem?

255 1324 533 1373 Arctoosne
567 1341 767 1384 amnes,
797 1334 849 1373 et
883 1325 1045 1372 Rheni
1080 1326 1238 1373 fracta
1271 1326 1471 1374 natabis

254 1413 517 1463 Flumina?
552 1431 618 1463 an
652 1416 901 1464 aestiferis
935 1413 1368 1476 Libyaesudabis
1404 1417 1459 1462 in
1493 1416 1662 1465 arvis?

253 1502 335 1551 An
362 1505 484 1566 juga
517 1505 831 1562 Pannoniae,
866 1512 1240 1565 mutatoresque
1271 1502 1538 1551 domorum

253 1592 576 1642 Sauromatas
612 1594 836 1658 quaties?
872 1609 938 1641 an
971 1601 1022 1640 te
1054 1602 1293 1657 septenus
1328 1592 1536 1640 habebit

249 1680 400 1740 Ister,
436 1690 488 1729 et
521 1682 717 1731 undoso
753 1683 1021 1731 circunflua
1056 1684 1263 1745 conjuge
1300 1681 1494 1730 Peuce?

248 1770 331 1818 An
365 1771 627 1833 Solymum
668 1774 912 1830 cinerem,
946 1772 1263 1837 palmetaque
1297 1780 1442 1837 capta
1476 1772 1665 1821 subibis

248 1860 362 1908 Non
397 1861 493 1908 sibi
528 1863 698 1909 felices
735 1863 888 1910 silvas
924 1863 1156 1926 ponentis
1188 1861 1422 1909 Idumes?

249 1948 395 2008 Quod
441 1952 484 1997 si
527 1959 577 1997 te
623 1965 805 2012 magno
842 1951 988 1998 tellus
1023 1950 1220 1997 frenata
1252 1952 1452 2014 parenti

246 2037 496 2103 Accipiat,
527 2048 767 2103 quantum
803 2040 939 2087 ferus
975 2039 1228 2086 exultabit
1258 2038 1485 2089 Araxes!

246 2125 446 2185 Quanta
481 2126 795 2191 Calydonios‘
822 2129 1017 2176 attollet
1050 2128 1207 2189 gloria
1234 2130 1465 2192 campos!

246 2214 373 2264 Cum
410 2217 501 2265 tibi
531 2218 805 2279 longaevus
837 2217 1025 2264 referet
1061 2218 1210 2264 trucis
1240 2217 1405 2265 incola
1437 2225 1617 2274 terrae,

243 2305 359 2353 ch
395 2315 566 2354 suetus
600 2307 721 2354 dare
747 2308 864 2369 jura
898 2321 1105 2370 parens;
1139 2306 1235 2352 hoc
1268 2307 1456 2368 cespite
1492 2314 1684 2353 turmas

242 2394 423 2443 Affari:
458 2397 636 2455 vigiles
668 2396 918 2458 speculas,
955 2395 1253 2458 castellaque
1287 2395 1433 2456 longe

242 2483 517 2548 Prospicis?
547 2486 632 2533 ille
668 2485 832 2543 dedit3
864 2485 1119 2548 cinxitque
1154 2483 1278 2531 haec
1311 2484 1514 2530 moenia
1545 2482 1705 2530 fossa:

240 2571 495 2635 Belligeris
528 2574 651 2622 haec
684 2574 818 2623 dona
846 2573 998 2630 Deis,
1033 2572 1157 2620 haec
1190 2573 1292 2620 tela
1326 2572 1537 2631 dicavit3

245 2659 420 2708 Cernis
455 2663 617 2710 adhuc
647 2664 850 2711 titulos:
886 2663 1017 2709 hunc
1047 2663 1185 2726 ipse,
1220 2661 1516 2711 vocantibus
1553 2662 1723 2718 armis,

241 2734 432 2807 Induit,
468 2750 599 2797 hunc
630 2753 736 2812 regi
768 2754 936 2816 rapuit
969 2752 1171 2800 thoraca
1203 2752 1459 2799 Britanno.

244 2838 467 2897 Qualiter
510 2841 564 2886 in
600 2839 816 2887 Teucros
851 2842 1075 2889 victricia
1105 2841 1236 2888 bella
1278 2840 1479 2905 paranti

239 2930 466 2991 Ignotum
502 2928 692 2990 Pyrrho
727 2929 957 2976 Phoenix
989 2930 1225 2976 narrabat
1257 2929 1516 2977 Achillem.

328 3162 369 3202 V..
401 3162 477 3193 130.
505 3161 604 3200 Vulg.
632 3160 720 3196 Qus
744 3159 815 3190 tibi.
865 3160 941 3192 131.
964 3159 1192 3199 Nemeam,
1224 3159 1278 3199 et,
1310 3159 1427 3188 Aluus.
1488 3158 1564 3189 145.
1597 3165 1744 3189 »irritus
1776 3159 1940 3198 specula.
2003 3162 2080 3193 146.
2103 3163 2254 3198 Agnus,

234 3225 419 3250 eminus.
470 3220 545 3250 150.
570 3219 763 3249 mansus.

1589 3269 1692 3317 82

2415 417 2516 471 139

2419 631 2515 680 125

2409 1074 2508 1126 130

2402 1518 2496 1564 135

2397 1965 2498 2011 140

2390 2408 2484 2458 145

2378 2850 2475 2897 150

2304 3168 2381 3201 148.
2406 3176 2469 3203 va.
