2892 3840
407 417 473 468 64

939 865 1055 921 ·P.
1131 861 1577 920 PAPINII
1664 863 2077 924 STATII'

731 1038 2309 1127 SILVARUM

1152 1262 1417 1303 LIBER
1483 1262 1883 1304 TERTIUS.

866 1588 1249 1647 STATIUS
1325 1589 1656 1647 POLLIO
1734 1590 1895 1649 SUO
1973 1592 2154 1648 SAL.

400 1802 573 1884 Tibi
609 1833 790 1893 certe,
827 1824 984 1880 Polli
1032 1824 1392 1891 dulcissime,
1440 1831 1499 1876 et
1535 1824 1667 1889 hac,
1705 1824 1798 1877 cui
1836 1831 1956 1877 tam
1996 1824 2247 1879 fideliter
2284 1824 2566 1895 inhaeres,

398 1929 590 1999 quiete
642 1926 1004 1998 dignissime,
1052 1943 1168 1979 non
1212 1924 1395 1979 habeo
1436 1925 1791 1995 probandam
1824 1925 1925 1979 diu
1958 1925 2294 1981 libellorum
2325 1927 2567 1983 istorum

396 2030 809 2098 temeritatem,
859 2047 992 2084 eum
1029 2029 1173 2084 scias
1211 2029 1424 2083 multos
1473 2045 1551 2083 ex
1586 2029 1704 2083 illis
1748 2029 1811 2082 in
1851 2029 1980 2084 sinu
2018 2038 2118 2087 tuo
2155 2033 2344 2087 subito
2385 2038 2566 2100 natoS,

398 2142 456 2188 et
471 2133 616 2187 hanc
651 2133 951 2187 audaciam
987 2132 1106 2187 stili
1127 2132 1308 2187 nostri
1331 2132 1665 2204 frequenter
1691 2148 2007 2204 expaveas,
2048 2136 2271 2206 quoties
2310 2136 2373 2189 in
2410 2135 2570 2190 illius
2606 2139 2640 2191 5

396 2236 699 2292 facundiae
749 2242 881 2290 tuae
925 2236 1220 2308 penetrale
1263 2237 1564 2304 56111161115,
1605 2235 1777 2291 altius
1811 2238 2009 2294 literas
2045 2240 2225 2307 intro,
2265 2247 2324 2293 et
2346 2239 2409 2293 in
2445 2257 2566 2295 om-

397 2358 499 2395 nes
549 2358 582 2394 a
608 2347 665 2393 te
710 2340 1029 2394 studiorum
1074 2340 1231 2395 sinus
1265 2342 1459 2396 ducor.
1539 2337 1787 2394 Securus
1825 2341 2020 2414 itaque
2059 2342 2263 2397 tertius
2301 2341 2396 2395 hie
2416 2340 2561 2406 ,Sil-

396 2461 601 2500 varum
645 2451 970 2498 nostrarum
1010 2445 1160 2498 liber
1201 2445 1274 2499 ad
1319 2452 1378 2499 te
1420 2443 1687 2499 mittitur.
1763 2443 2060 2501 Habuerat
2107 2445 2341 2516 quidem
2386 2452 2445 2498 et
2477 2456 2564 2499 se-

400 2548 619 2602 cundus
655 2554 889 2616 testem3
926 2549 1027 2602 sed
1050 2547 1144 2602 hic
1174 2548 1348 2602 habet
1373 2546 1699 2601 authorem.
1780 2546 1926 2602 Nam
1943 2550 2198 2621 primum
2224 2549 2406 2603 limen
2444 2548 2639 2618 ejule

399 2651 682 2706 Hercules
745 2649 1115 2706 Surrentinus
1165 2650 1379 2722 aperit,
1441 2668 1615 2721 quem
1671 2650 1732 2705 in
1785 2651 1953 2706 litore
2006 2661 2104 2709 tuo
2156 2660 2565 2710 consecratum,

402 2755 595 2810 statim
639 2760 705 2807 ut
749 2754 1039 2822 videram,
1082 2754 1171 2809 his
1206 2753 1467 2809 Versibus
1505 2755 1756 2810 adoravi.
1836 2753 2109 2828 Sequitur
2145 2757 2407 2824 libellus,
2453 2773 2564 2828 quo

403 2856 931 2930 splendidissimum
972 2865 1032 2911 et
1074 2856 1219 2912 mihi
1250 2858 1735 2927 jucundissimum
1766 2861 2069 2930 juvenem,
2122 2859 2371 2915 Metium
2401 2856 2564 2913 Cele-

402 2978 554 3028 rem,
610 2978 642 3014 a
691 2961 1074 3016 sacratissimo
1115 2959 1466 3033 Imperatore
1519 2963 1762 3018 missum
1797 2965 1870 3020 ad
1910 2965 2205 3038 legionem
2250 2962 2562 3032 Syrianam,

407 3063 541 3133 quia
577 3064 740 3134 sequi
759 3082 875 3119 non
896 3072 1183 3136 poteram,
1219 3066 1301 3121 516
1318 3075 1654 3138 prosecutus
1682 3086 1828 3125 sum.
1905 3068 2238 3123 Merebatur
2258 3074 2316 3121 et
2336 3063 2637 3121 Claudiil5

502 3253 593 3293 [hin.
630 3256 683 3286 15.
713 3262 905 3299 mmmm,
932 3259 1051 3291 antea:
1076 3266 1300 3293 POTERAMUS.
1325 3268 1391 3292 Ευ.
1417 3262 1503 3300 me]
