2892 3840
1569 87 1571 90 .
1597 51 1672 107 siz

338 392 407 445 82
1016 401 1063 438 P.
1130 393 1508 438 PAP1'N11
1574 395 1921 463 stravit

337 515 571 569 Nesciat?
604 499 743 566 haud
769 528 990 580 unquam
1021 513 1225 578 proprio
1252 509 1380 559 mihi
1410 511 1616 573 cognita
1637 510 1772 572 visu,

340 608 444 658 Sed
480 608 631 657 decus
665 607 913 660 eximium
944 604 1136 652 formae
1164 616 1256 667 par
1284 599 1456 649 reddit
1481 601 1650 664 imago

344 698 573 748 vultibus
588 731 601 756 ,
638 703 690 743 et
718 695 896 743 similis
925 699 1161 740 natorum
1191 692 1353 753 gratia
1385 697 1648 739 monstrat.

339 786 444 840 Nec
478 788 686 850 vulgare
720 798 897 846 genus:
927 783 1088 832 fasces
1103 817 1117 844 ,
1155 795 1503 845 summamque
1534 781 1756 829 curulem

339 876 544 935 Frater,
580 883 631 923 et
664 873 916 922 Ausonios
947 887 1120 932 enses,
1148 872 1485 940 mandataque
1516 871 1648 921 fidus

2112 639 2188 748 ’.επ
2171 567 2175 571 .

341 969 494 1031 Signa
529 967 668 1024 tulit,
704 979 817 1013 cum
845 965 1012 1029 prima
1041 971 1206 1013 truces
1240 963 1463 1012 amentia
1488 962 1654 1012 Dacos

341 1057 570 1122 Impulit,
603 1061 655 1102 et
687 1068 871 1116 magno
907 1069 1028 1116 gens
1061 1061 1140 1102 est
1175 1053 1415 1103 damnata
1442 1052 1729 1118 triumpho„

342 1147 423 1196 Sic
452 1145 685 1210 quicquid
713 1147 880 1211 patrio
916 1152 1165 1194 cessatum
1196 1160 1228 1193 a
1263 1146 1533 1207 sanguine,
1566 1151 1730 1192 mater

339 1234 605 1294 Reddidit;
643 1235 1005 1300 obscurumque
1033 1235 1164 1284 latus
1200 1235 1469 1284 clarescere
1501 1235 1636 1284 vidit

343 1324 607 1374 Connubio
653 1327 829 1387 gavisa
863 1326 1057 1389 domus.
1127 1340 1221 1373 nec
1256 1327 1467 1390 pignora
1500 1325 1673 1387 longe:

343 1413 540 1479 Quippe
582 1415 659 1463 bis
690 1415 756 1463 ad
784 1422 960 1480 partus
990 1416 1134 1465 venit
1167 1415 1384 1474 Lucina,
1416 1430 1668 1480 manuque

343 1505 460 1569 Ipsa
491 1505 594 1555 levi
625 1506 860 1567 gravidos
897 1507 1062 1568 tetigit
1097 1505 1313 1554 fecunda
1347 1506 1559 1554 labores.

345 1591 498 1644 Felix
538 1594 628 1642 ah!
658 1596 702 1642 si
735 1595 884 1657 longa
917 1595 1051 1654 dies,
1084 1597 1127 1643 si
1163 1606 1364 1643 cernere
1392 1595 1565 1645 vultus

344 1682 591 1732 Natorum
619 1683 908 1746 viridesque
933 1698 1084 1744 genas
1118 1684 1212 1731 tibi
1234 1683 1375 1742 J'usta
1410 1682 1672 1728 dedissent

345 1771 598 1820 Stamina!
632 1772 723 1820 sed
754 1772 925 1819 media
953 1770 1175 1818 cecidere
1208 1771 1420 1835 abrupta
1443 1772 1659 1833 juventa

348 1861 571 1920 Gaudia,
606 1863 938 1925 florentesque
973 1876 1127 1908 manu
1160 1861 1308 1909 scidit
1336 1859 1557 1926 Atropos
1592 1876 1776 1910 annos:

347 1949 525 2009 Qualia
552 1951 796 2015 pallentes
827 1950 1080 1998 declinant
1106 1949 1213 1998 lilia
1243 1950 1450 2010 culmoS,

346 2043 663 2093 Pubentesve
698 2058 843 2091 rosae
877 2044 1067 2107 primos
1101 2044 1385 2091 moriuntur
1419 2043 1485 2091 ad
1517 2042 1748 2104 Austros,

351 2131 458 2179 Aut
485 2133 572 2180 ubi
604 2147 763 2183 verna
789 2134 937 2182 novis
969 2135 1171 2198 expirat
1200 2149 1422 2198 purpura
1456 2136 1629 2200 pratis.

348 2222 438 2270 Illa
472 2223 738 2285 sagittiferi
773 2223 1235 2281 circumvolitastis‚
1264 2223 1495 2282 Amores,

350 2309 578 2370 Funera,
614 2319 939 2376 maternoque
973 2327 1120 2374 rogos
1154 2315 1377 2362 unxistis
1413 2325 1642 2363 amomo:

353 2400 458 2450 Nec
492 2402 672 2449 modus
705 2410 792 2449 aut
819 2405 998 2467 pennis
1029 2403 1204 2451 laceris
1240 2412 1328 2451 aut
1355 2404 1572 2453 crinibus
1601 2407 1771 2468 ignem

353 2490 625 2554 Spargere,
661 2492 966 2556 collataeque
1000 2508 1180 2556 pyram
1216 2502 1449 2544 struxere
1484 2496 1763 2564 pharetrae.

354 2580 488 2640 Quas
521 2590 637 2630 tunc
664 2584 888 2642 inferias,
923 2593 1011 2632 aut
1040 2601 1167 2649 quae
1194 2588 1416 2635 lamenta
1443 2587 1669 2636 dedisses

356 2669 625 2729 Maternis,
658 2673 897 2732 Etrusce,
927 2676 1086 2736 rogis,
1119 2678 1203 2738 qui
1238 2678 1416 2725 funera
1443 2679 1602 2741 patris

357 2757 510 2808 Haud
543 2769 741 2809 matura
770 2770 947 2826 putas,
982 2771 1132 2828 atque
1167 2765 1259 2814 hos
1293 2768 1405 2831 pius
1435 2769 1649 2830 ingemis
1682 2769 1870 2817 annos?

357 2848 502 2897 Illum
538 2858 612 2909 et,
644 2853 726 2916 qui
758 2860 884 2900 nutu
910 2868 1115 2917 superas
1142 2870 1274 2903 nunc
1309 2864 1557 2921 temperat
1590 2874 1727 2908 arces

359 2940 653 3003 Progeniem
681 2944 865 2992 claram
893 2946 1038 2993 terris
1069 2948 1283 3010 partitus
1314 2955 1366 2995 et
1395 2950 1562 3010 astris,

453 3171 492 3200 V.
533 3174 607 3203 112.
641 3174 738 3214 Vulg.
785 3182 1065 3216 HAUDQUAQUAM.
1108 3179 1340 3218 [Restituimus
1384 3189 1485 3215 mun
1522 3190 1687 3227 umqum,
1721 3194 1797 3218 cum
1831 3186 1930 3218 antea
1972 3186 2062 3218 enei
2091 3192 2396 3225 monetaneum.
2450 3189 2526 3221 119.
2561 3197 2596 3229 A,

363 3227 464 3257 antea
492 3235 569 3259 nsr.
591 3237 658 3260 Eo.
682 3233 765 3270 oze-1
818 3235 893 3265 120.
920 3236 1166 3274 Pubentesqurz.
1216 3239 1281 3272 134
1316 3247 1587 3279 conec-meque
2501 3238 2503 3240 V
