2892 3840
382 422 485 472 250

387 547 628 591 Laestrygone
662 549 766 580 edidit
802 558 863 588 pro
886 550 982 580 duro.
1030 547 1157 578 Contra
1182 549 1263 578 dura·
1285 548 1388 580 Ditis
1411 558 1472 580 seu

387 595 543 626 Plutonis
576 596 665 636 apud
693 595 868 636 Virgilium
897 596 980 625 Aen.
1004 593 1082 634 XII,
1126 593 1203 627 199.
1239 593 1290 624 uti
1312 595 1406 626 recte
1428 603 1472 626 ex

389 641 570 674 codicibus
590 642 741 682 Pierius,
786 650 847 679 pro
874 640 955 671 diri.
1002 638 1179 682 Sequitur,
1224 640 1298 679 Quo
1323 641 1474 673 Domini

390 694 581 720 CLAMANTE
616 685 721 720 sono!
763 695 824 725 pro
849 694 912 723 quo
938 687 1024 716 bene
1052 685 1244 718 Gronovius
1269 695 1312 718 ex
1341 687 1470 719 duobus

391 733 569 766 codicibus
595 739 769 765 CLAMATE.
792 731 840 761 ita
864 731 966 762 Theb.
992 731 1053 772 IX,
1079 732 1159 764 476.

670 778 765 808 Unde
785 777 874 808 haec
886 798 898 815 ,
922 777 1079 815 Ismene,
1103 783 1242 818 repente

481 826 547 856 Ira
570 822 662 856 tibi?
688 832 795 863 quove
816 823 883 854 aas
908 824 1062 855 traxisti
1081 826 1220 865 gurgite
1243 826 1336 856 vires

484 871 619 902 Imbella·
640 876 830 900 mamm-rr„
854 867 958 900 Deo?

390 927 446 958 ubi
479 928 551 966 pari
582 934 698 957 errore
721 926 758 956 in
782 926 954 957 nonnullis
979 925 1183 958 editionibus
1206 926 1331 966 legitur
1356 933 1474 958 Fenu-

391 981 517 1004 LANTE.
564 972 722 1003 Thebaid.
750 974 809 1013 ΠΙ,
833 974 914 1004 201.

666 1027 729 1048 nee
753 1019 844 1058 quod
864 1023 914 1059 te,
940 1018 1065 1058 Delia,
1093 1023 1209 1049 castos

476 1062 687 1101 Prolapsum
712 1064 761 1093 ad
773 1065 898 1105 fontes
923 1064 1069 1102 specula
1091 1065 1260 1093 temerare
1280 1065 1441 1102 profana

476 1108 558 1138 Heu
586 1109 754 1139 dominum
778 1110 901 1140 insum·
920 1119 988 1140 non
1013 1118 1186 1150 agnovere
1209 1106 1359 1138 Molossa·

477 1152 646 1195 Defierim
668 1156 778 1195 magis
791 1164 803 1185 :

387 1213 435 1243 ita
457 1211 620 1250 legendus
645 1211 709 1243 iste
737 1212 853 1243 locus:
878 1211 982 1250 vulgo
1005 1211 1070 1242 tibi
1091 1213 1126 1242 et
1148 1213 1348 1241 temerante.
1381 1210 1471 1239 Con-

388 1257 529 1290 structio
555 1259 623 1299 est,
662 1268 725 1290 nee
752 1260 864 1299 magis
889 1256 1043 1297 deflerim
1066 1257 1156 1297 quod
1178 1257 1303 1288 insani
1327 1253 1475 1285 Molossi

388 1314 457 1335 non
509 1313 682 1345 agnovere
724 1305 895 1335 dominum
932 1305 1139 1334 Actaeonem
1175 1302 1382 1342 prolapsum
1427 1301 1475 1331 ad

388 1355 506 1381 castos
535 1352 658 1393 fontes
694 1352 863 1381 temerare
897 1350 1041 1390 specula*
1069 1348 1233 1391 profanet
1257 1350 1312 1388 te,
1354 1346 1471 1377 Delia.

388 1398 453 1427 Pro
467 1396 584 1427 Saeva
604 1397 793 1427 Parmensis
817 1397 916 1428 habet
941 1396 1103 1427 Scaeva.-
1123 1396 1161 1425 ut
1187 1398 1222 1427 et
1246 1402 1348 1434 mox,
1377 1401 1474 1424 scae-

388 1445 493 1484 vius,
519 1445 571 1483 et,
607 1444 675 1473 tibi
698 1452 839 1474 scaeva.

434 1508 466 1530 v.
492 1499 546 1529 82.
987 1507 1055 1528 non
1080 1496 1215 1527 saevius
1237 1501 1335 1528 atros

481 1546 667 1586 Nigrasset
685 1545 837 1583 planctu
859 1545 1015 1585 genitrix
1041 1543 1101 1574 tibi
1128 1551 1231 1573 saeva
1259 1543 1426 1581 lacertos]

391 1590 533 1626 Quaerit
565 1590 719 1621 Barthius
754 1591 921 1630 quomodo
956 1589 1041 1620 Atri
1070 1589 1191 1620 lacerti
1227 1590 1370 1630 nigrarz‘
1400 1596 1475 1627 pos-

390 1639 491 1676 sunt;
518 1638 552 1667 et
574 1646 635 1668 eur
659 1639 799 1669 saevius
827 1639 860 1667 et
883 1645 993 1668 saeva
1018 1635 1059 1665 de
1084 1635 1200 1666 eadem
1227 1644 1266 1666 re
1291 1634 1474 1666 dicuntur?

391 1692 454 1722 pro
493 1684 632 1714 saevius
663 1683 778 1722 itaque
814 1682 897 1722 legit
930 1684 1082 1722 saepc'us.
1118 1682 1160 1712 de
1195 1681 1317 1712 ceteris
1328 1703 1339 1719 ,
1392 1680 1475 1711 nihil

391 1731 511 1760 mutat.
555 1729 628 1768 Ego
662 1729 769 1760 adhuc
803 1738 928 1767 quaero
956 1737 1059 1767 quare
1087 1737 1196 1760 saeva
1218 1727 1319 1758 litora
1342 1728 1377 1757 et
1400 1737 1476 1759 sae-

391 1785 439 1806 va
463 1775 612 1814 genitrix
645 1776 713 1806 tam
745 1784 851 1815 prope
886 1774 1016 1813 posita3
1062 1775 1119 1815 et,
1148 1774 1237 1812 quod
1266 1774 1375 1813 majus
1412 1775 1474 1814 est,

392 1822 557 1859 quomodo
580 1821 729 1861 genitrix
753 1831 864 1853 saeva
887 1821 951 1850 fuit
971 1819 1049 1850 huic
1075 1821 1186 1851 Puero
1210 1825 1364 1860 mortuo,
1399 1829 1474 1851 cum

392 1876 475 1898 suos
509 1869 657 1899 lacertos
689 1867 841 1906 nigraret
873 1871 907 1897 et
931 1866 1130 1905 plangeret.²
1169 1865 1309 1905 propius
1336 1865 1378 1896 ad
1399 1875 1474 1896 rem

389 1913 510 1944 fuisset
543 1913 572 1943 si
604 1913 745 1944 dixisset
775 1915 848 1945 sibi
868 1921 990 1952 saeva,
1033 1921 1101 1942 non
1124 1913 1196 1944 tibi.
1243 1912 1310 1944 Sed
1335 1921 1398 1942 nec
1423 1911 1472 1943 ita

391 1959 515 1989 dixisse
550 1961 651 1997 puto:
694 1960 801 1990 adhue
836 1959 923 1989 enim
962 1967 1072 1989 saeva
1104 1959 1138 1988 et
1163 1967 1274 1989 saeva
1300 1957 1398 1989 nimis
1423 1958 1473 1988 vi-

391 2004 466 2036 cina
502 2007 600 2044 sunt;
646 2007 680 2036 et
708 2005 924 2045 subfrigidum
958 2013 1030 2034 esse
1055 2004 1142 2035 istud
1169 2006 1238 2036 sibi
1257 2013 1389 2044 saeva‚·
1417 2006 1476 2035 eut

391 2052 479 2082 enim
516 2051 581 2081 nisi
614 2052 685 2083 sibi
716 2062 818 2083 saeva
852 2061 925 2082 esse
960 2050 1071 2089 potuit
1099 2061 1185 2089 quae
1215 2060 1296 2083 suos
1326 2052 1472 2082 lacertos

389 2097 602 2128 verberarit?
647 2107 780 2129 sensum
818 2097 920 2137 igitur
950 2106 1018 2127 non
1052 2100 1230 2136 promovet
1262 2098 1329 2129 sibi
1354 2107 1473 2130 saeva.

390 2144 463 2183 Ego
491 2153 561 2174 non
581 2143 695 2175 dubito
728 2154 748 2175 a
773 2144 879 2176 Statio
902 2143 1005 2174 fuisse

945 2200 1013 2220 non
1040 2188 1150 2219 secius
1175 2194 1272 2220 atros

479 2236 671 2275 Nv'grasset
688 2236 840 2274 planctu
865 2237 1023 2276 genitrix
1046 2235 1166 2266 insana
1188 2236 1363 2266 lacertos:

389 2301 457 2323 non
481 2294 615 2332 secius,
658 2292 693 2323 id
718 2294 788 2333 est,
816 2294 1043 2331 parimodo,
1084 2302 1151 2322 non
1176 2294 1291 2323 aliter.
1337 2293 1473 2332 Sosipa-

390 2339 442 2367 ter
478 2338 650 2368 Charisius
681 2338 739 2369 lib.
768 2341 792 2368 Ι.
819 2348 850 2377 p.
881 2341 936 2378 61,
991 2338 1055 2368 Fit
1078 2347 1174 2368 secus
1199 2345 1234 2370 et
1257 2341 1472 2376 adverbium,

389 2385 479 2423 quod
499 2382 686 2425 significat
705 2384 825 2422 aliter3
851 2385 939 2414 unde
964 2386 1124 2414 nascitur
1146 2385 1300 2424 sequius,
1327 2381 1471 2417 ἀλλοιο-

387 2431 499 2472 τέρως.
555 2430 739 2461 Meministi
766 2440 848 2461 vero
882 2439 966 2468 quae
1002 2430 1176 2469 supradixi
1205 2432 1245 2461 de
1281 2431 1471 2469 promiscuo

388 2484 450 2505 usu
479 2475 651 2507 literarum
677 2487 720 2517 qu
747 2479 781 2507 et
808 2487 826 2506 e
843 2487 853 2505 :
896 2477 986 2507 unde
1013 2477 1101 2506 idem
1124 2479 1202 2507 sunt
1226 2479 1338 2508 secius
1367 2481 1399 2509 et
1423 2488 1473 2509 se-

388 2524 500 2562 quius.
546 2523 709 2562 Virgilius
734 2524 858 2561 Georg.
884 2525 954 2563 Ill,
980 2524 1058 2554 367.

476 2568 620 2600 Interea
643 2574 713 2600 toto
735 2579 803 2599 non
828 2569 938 2599 secius
959 2570 1040 2599 ae're
1064 2569 1209 2609 nae'nguit.

385 2613 480 2644 Idem
506 2616 589 2645 Aen.
615 2618 697 2655 VII,
721 2618 800 2646 781.

475 2660 588 2692 Filius
612 2663 776 2693 ardentes
801 2661 889 2691 haud
912 2659 1022 2691 secius
1047 2668 1197 2700 aequore
1221 2661 1337 2697 campi

475 2706 678 2739 Exercebat
702 2717 816 2747 equos·

387 2755 456 2796 lx,
481 2754 559 2785 44¹·
665 2800 783 2830 instat
802 2809 870 2830 non
900 2797 1034 2838 secius,
1060 2807 1104 2827 ae
1130 2800 1230 2827 rotat
1250 2805 1362 2827 ensem

478 2845 704 2876 Fulmineum.

390 2892 528 2923 Ovidius
554 2893 689 2922 Metam.
717 2892 760 2931 11,
789 2893 866 2921 809.

478 2938 676 2978 Felicisque
702 2939 798 2968 bonis
827 2947 895 2968 non
920 2938 1029 2969 secius
1058 2941 1176 2970 uritur
1199 2939 1332 2969 Herses
1360 2939 1422 2968 ete.

389 2981 467 3023 yita
495 2984 599 3015 edidit
626 2983 796 3024 Heinsius,
830 2994 904 3015 cum
929 2985 963 3014 in
987 2985 1184 3023 quibusdam
1218 2985 1468 3023 exemplaribus

389 3027 572 3060 invenisset
596 3041 663 3062 non
688 3032 843 3071 Iaerv'us,
877 3030 911 3060 in
937 3030 1032 3068 aliis,
1062 3042 1129 3061 non
1154 3032 1290 3072 lenius,
1325 3031 1358 3061 in
1387 3040 1470 3070 qua-

390 3075 466 3104 tuor
492 3086 559 3106 non
583 3078 698 3107 aliter.
747 3077 830 3107 Vide
856 3087 930 3107 eum
957 3078 1060 3116 plena
1083 3087 1182 3109 manu
1210 3078 1366 3116 exempla
1391 3087 1470 3108 con-

389 3125 570 3157 gerentem.
618 3124 741 3153 Nostcr
767 3124 866 3153 Theb.
890 3125 938 3162 V,
964 3126 1044 3155 261.

662 3169 775 3207 gelida
801 3180 867 3199 non
895 3171 1028 3200 saevius
1053 3168 1145 3200 Ossa

416 3247 419 3249 ι
478 3208 683 3297 ΙΛιφιινῗιηί
717 3213 945 3253 Lapitharum
980 3217 1124 3256 epulae,
1172 3217 1364 3255 siquando
1387 3224 1468 3254 pro-

624 3259 709 3286 ando

1233 421 1420 471 NOTAE
1455 434 1525 471 AD
1551 421 1658 472 Lm.
1691 419 1747 469 Π.
1779 422 1825 469 6.

1486 759 1488 761 .
1543 742 1616 764 ean.
1650 733 1696 772 11,
1721 733 1775 764 37.
1800 733 1874 764 ictu
1899 733 2044 765 liventes
2072 740 2159 767 atra
2183 736 2348 768 lacertos.

2499 424 2625 495 932⁰

1631 548 1834 588 Nubigenae
1860 546 2000 580 caluere
2023 557 2140 582 mero.-

1540 588 1599 626 ubi
1625 603 1687 634 pro
1708 595 1942 632 nonvsaevius
1966 595 2038 626 MS.
2058 595 2230 628 Petrensis
2245 597 2346 631 habet
2365 608 2433 631 non
2458 603 2624 641 segnius.-

1541 641 1638 681 lege,
1693 649 1761 671 non
1797 643 1925 672 secius.
1979 642 2054 672 Hoc
2090 642 2302 675 verissimum
2332 646 2426 684 puto.
2478 647 2623 687 Deinde,

1541 687 1729 727 Nv'grassee
1752 690 1852 717 atros
1877 687 2052 719 lacertos.-
2085 691 2227 728 probum
2250 689 2334 721 boc:
2370 690 2419 723 ita
2441 692 2531 732 apud
2557 693 2626 723 Lu-

2393 737 2517 769 Notum
2541 746 2625 769 vero

1543 780 1594 809 est
1624 786 1740 809 vocem
1771 779 1920 811 insanus
1957 781 2115 819 usurpari
2146 782 2187 813 de
2220 780 2262 813 iis
2287 781 2344 820 qui
2366 790 2488 822 magno
2513 784 2626 824 aliquo

1542 824 1635 856 luctu
1665 823 1868 856 afficiuntur.
1914 826 2042 858 Noster
2067 827 2150 859 Silv.
2175 829 2216 869 V,
2241 829 2272 860 5.

1638 869 1755 902 Tanta
1779 869 1866 901 milae*
1876 870 2016 913 feritas
2028 893 2042 912 ,
2072 879 2176 906 tanea
2200 878 2254 906 est
2280 871 2416 904 insania
2442 873 2584 905 luctus.-

1541 917 1595 956 11,
1622 918 1654 947 1.
2377 919 2386 931 ¹

1635 961 1793 993 Muleeat
1816 961 1955 994 insanos
1974 967 2132 1005 gemitus.

1542 1006 1643 1037 Theb.
1667 1008 1734 1048 vi,
1759 1007 1838 1036 202.

1637 1052 1721 1083 Jam
1735 1053 1826 1094 sace
1856 1052 2016 1091 subjecta
2032 1057 2159 1093 primis
2183 1059 2220 1087 in
2242 1058 2433 1099 frondibus
2457 1059 2547 1099 ignit

1631 1097 1847 1128 Exclamat:
1874 1098 1975 1129 labor
1996 1099 2133 1132 insanos
2155 1111 2279 1133 arcere
2305 1106 2474 1143 parentes.

1540 1145 1627 1186 XII,
1657 1144 1738 1174 274.
1767 1142 1808 1173 de
1833 1145 1958 1174 cerere
1983 1146 2221 1186 Proserpinam
2241 1147 2397 1192 lugente,

1632 1189 1736 1220 Illius
1760 1188 1889 1220 insanis
1914 1191 2106 1225 ululatibus
2132 1195 2206 1234 ipse
2231 1198 2382 1238 remugit

1633 1235 1860 1266 Enceladus:

1543 1280 1639 1313 ovid.
1664 1283 1747 1313 Met.
1772 1282 1830 1322 IV,
1854 1282 1934 1312 690.
1961 1283 2002 1314 de
2026 1283 2265 1319 Andromeda:

1818 1330 1961 1368 genitor
1982 1330 2158 1371 lugubris,
2190 1338 2225 1364 et
2249 1341 2365 1364 amens

1634 1372 1746 1403 Mater
1772 1372 1899 1413 adest‚·
1924 1375 2023 1406 ambo
2048 1376 2190 1419 miseri,
2223 1380 2286 1410 sed
2302 1379 2440 1417 justius
2463 1380 2538 1412 illa.

1541 1418 1738 1459 Propertius
1762 1419 1799 1459 Ι,
1834 1421 1866 1450 6.

1639 1464 1687 1495 Ut
1709 1463 1794 1494 mila·
1814 1465 1965 1498 deducta
1980 1467 2112 1509 faeiat
2133 1471 2293 1501 convicia
2310 1473 2428 1511 puppi

1683 1509 1847 1551 Cynthia,
1871 1517 1907 1542 et·
1926 1511 2055 1544 insanis
2081 1524 2147 1546 ora
2168 1520 2267 1548 notet
2287 1517 2407 1548 manib
2425 1524 2492 1548 us.-

1543 1555 1683 1587 Ovidius
1706 1559 1820 1586 Amor.
1844 1559 1916 1595 III,
1949 1559 2003 1589 57.

1635 1603 1727 1640 Quid
1747 1600 1821 1642 fles
1833 1624 1844 1644 ,
1893 1607 1926 1634 et
1948 1604 2106 1635 madidos
2128 1604 2289 1638 lacrimis
2315 1607 2510 1647 corrumpis
2539 1606 2630 1639 ocel-

1764 1648 1816 1679 los

1679 1693 1896 1735 Pectoraque
1920 1694 2042 1726 insana
2059 1696 2203 1736 plangis
2230 1701 2360 1736 aperta
2383 1696 2519 1731 manu?

1543 1737 1670 1770 Plinius
1702 1739 1809 1778 Epist.
1843 1742 1909 1781 IV,
1944 1744 1976 1773 2.
2022 1744 2192 1773 amissum
2226 1748 2342 1774 tamen
2375 1744 2471 1786 luget
2497 1743 2628 1775 insane.

1542 1785 1642 1815 Potes
1684 1785 1784 1816 etiam
1831 1786 1948 1826 legere
1991 1786 2142 1827 genitrix
2180 1798 2323 1820 vvesiana
2366 1798 2411 1821 ex
2453 1789 2629 1830 Propertio

1542 1832 1597 1871 11,
1624 1831 1657 1860 o.

1633 1876 1705 1908 Nec
1750 1886 1818 1907 non
1850 1880 2046 1909 exanimem
2078 1880 2290 1919 amplectens
2323 1879 2465 1913 Briseis
2506 1880 2630 1913 Achil-

1762 1922 1828 1952 lem
2582 1940 2584 1942 ·

1688 1969 1849 1999 Candida
1871 1977 1999 1999 vesana
2024 1969 2189 2001 verberat
2211 1979 2278 2001 ora
2302 1980 2431 2002 manu.-
2481 1969 2492 1982 ¹

1543 2015 1674 2046 Seneca
1705 2015 1805 2045 Herc.
1840 2016 1914 2046 Oet.
1954 2023 1987 2045 v.
2024 2016 2123 2048 1930.
2177 2016 2236 2047 ubi
2258 2016 2423 2049 Alcmena
2446 2017 2488 2048 de
2517 2017 2632 2056 seipsa

1541 2060 1711 2099 loquitur:

1724 2106 1867 2147 Fallor,
1881 2106 2021 2148 fallor,
2048 2115 2174 2138 vesana
2198 2116 2342 2146 parens3

1726 2153 1799 2183 Nec
1822 2158 1856 2184 te
1883 2162 2002 2184 manes
2027 2154 2236 2194 umbraeque
2258 2157 2380 2185 timent
2400 2154 2464 2185 etc·

1542 2197 1587 2228 Et
1621 2197 1684 2228 hoc
1715 2199 1802 2230 forte
1838 2198 1974 2240 verius,
2019 2201 2161 2239 propter
2197 2203 2393 2239 perpetuam
2426 2200 2498 2231 fere
2521 2199 2631 2232 muta-

1542 2244 1674 2274 tionem
1709 2245 1888 2275 literarum
1922 2245 1948 2275 B
1981 2246 2016 2275 et
2048 2247 2097 2286 V,
2141 2246 2338 2287 tioieaeva,
2383 2255 2528 2279 vesana.
2573 2239 2628 2278 lte

1540 2293 1640 2322 Vsus
1677 2298 1838 2323 nenas-n
1860 2301 1925 2333 pro
1953 2298 2044 2322 BENE
2071 2301 2125 2330 ap.
2148 2292 2282 2323 Reines.
2305 2292 2459 2331 Inscript.
2484 2301 2518 2331 p.
2547 2292 2625 2325 ⁵43-

1541 2343 1645 2368 mxrr
1670 2340 1703 2368 et
1725 2345 1862 2368 mmx'rl
1886 2346 1948 2376 pro
1970 2344 2073 2370 vixrr
2098 2339 2131 2367 et
2151 2346 2288 2371 viem-rr
2318 2348 2350 2378 p.
2376 2339 2455 2370 901.

1588 2384 1637 2421 [v.
1672 2385 1727 2414 88.
1778 2385 1968 2423 Cz'nnama,
2010 2389 2048 2415 et
2075 2383 2221 2423 Assyrio
2257 2389 2440 2416 manantes
2473 2381 2625 2423 gramine

1542 2431 1681 2468 succos]
1707 2430 1826 2461 Heins.
1845 2431 1887 2462 ad
1901 2430 1997 2462 ovid.
2020 2430 2160 2461 Herum.
2182 2430 2254 2461 XV.
2279 2432 2334 2461 76.
2357 2429 2406 2461 ita
2431 2428 2511 2461 citat
2534 2428 2625 2461 hunc

1541 2484 1698 2506 versum:

1633 2522 1804 2562 Balsama,
1831 2526 1863 2552 et
1894 2521 2042 2561 Assyrio
2065 2526 2248 2554 manantes
2271 2520 2423 2561 germine
2446 2520 2563 2553 succi:

1542 2567 1651 2607 „Non
1681 2569 1842 2610 gramine
1868 2567 1957 2604 quod
1987 2576 2078 2597 nune
2101 2566 2237 2605 legitur.
2261 2567 2438 2608 myrrham
2462 2567 2550 2598 enim
2573 2567 2625 2598 in-

1544 2614 1671 2653 ‚‚nuit,
1723 2621 1810 2654 quae
1852 2613 1998 2644 arbor.“
2053 2613 2239 2645 Memoriae
2282 2613 2382 2644 nimis
2415 2613 2538 2644 fidebat
2570 2613 2625 2644 vir

1477 2685 1480 2687 Α
1541 2667 1700 2690 summus.
1748 2661 1872 2690 verum
1893 2661 2006 2691 autem
2030 2657 2166 2689 videtur
2188 2658 2278 2698 quod
2299 2659 2382 2690 dicit
2404 2660 2446 2690 de
2468 2662 2626 2700 germine

1542 2714 1604 2743 pro
1629 2707 1812 2746 gramine.-
1837 2703 1919 2735 licet
1945 2704 1980 2735 in
2005 2703 2069 2735 hoc
2097 2706 2311 2737 consentiant
2324 2705 2512 2738 Editiones.
2536 2704 2623 2738 Vide

1539 2759 1615 2781 eum
1640 2750 1686 2781 ibi
1711 2750 1784 2782 fuse
1810 2753 1976 2790 agentem.
1999 2751 2057 2781 Ex
2079 2752 2187 2791 Amm]

1583 2805 1617 2826 v.
1642 2798 1696 2828 89.
1752 2798 1794 2828 At
1825 2798 1954 2829 domini
1967 2795 2100 2837 fletuS,
2133 2796 2196 2829 laos
2225 2802 2364 2828 tantum
2387 2798 2538 2830 hausere
2553 2798 2623 2841 fa·-

1540 2842 1673 2882 villae]
1733 2844 1797 2874 Pro
1833 2851 1902 2883 AT,
1945 2852 1988 2873 ex
2023 2842 2145 2874 Codice
2177 2843 2321 2875 Senensi
2354 2846 2447 2875 recte
2471 2841 2540 2884 legi
2560 2850 2622 2885 ετ,

1539 2890 1634 2919 notat
1662 2890 1856 2920 Gevartius:
1901 2891 1934 2920 et
1956 2889 2004 2919 ita
2030 2889 2145 2920 inveni
2168 2890 2203 2920 in
2229 2892 2340 2922 Pax-m.
2365 2891 2399 2920 et
2420 2891 2513 2922 Rom.
2534 2896 2621 2926 quae

1538 2935 1672 2975 habent,
1696 2943 1743 2966 ΕΤ
1766 2935 1890 2966 domini
1914 2936 2050 2977 nectus,
2072 2935 2134 2966 hos
2154 2940 2290 2968 tantum
2313 2944 2434 2967 ansere
2449 2933 2619 2979 favillae.

1538 2981 1689 3020 Deinde,
1723 2991 1754 3012 v.
1783 2983 1839 3013 93.
1867 2983 1930 3013 sed
1951 2989 1984 3014 et
2007 2984 2084 3022 ipse
2099 2981 2217 3021 juvat.
2263 2984 2356 3014 Haec
2383 2983 2507 3023 verba,
2534 2990 2619 3020 quo-

1539 3037 1614 3058 rum
1639 3036 1772 3059 sensum
1809 3030 1843 3059 et
1877 3029 2122 3060 connexionem
2160 3039 2234 3060 cum
2257 3026 2534 3068 praecedentibus
2559 3030 2619 3059 aut

1541 3075 1819 3113 subsequentibus
1858 3076 2051 3107 nullatenus
2081 3074 2202 3117 video,
2239 3072 2489 3112 corruptissima
2522 3075 2615 3112 puto.

1539 3121 1687 3152 Fruatur
1709 3121 1752 3151 iis
1777 3124 1945 3160 Cruceus,
1977 3122 2032 3162 qui
2060 3130 2120 3160 pro
2138 3120 2245 3160 juvat
2263 3118 2346 3159 legit
2363 3118 2477 3158 juva.-
2499 3121 2534 3149 et
2558 3120 2618 3151 ad-

1540 3167 1607 3206 dit,
1642 3168 1804 3207 „Sensus
1827 3171 1979 3207 apertus:
2020 3167 2111 3199 Nihil
2137 3167 2267 3206 quidem
2293 3165 2462 3204 acceptius
2488 3167 2615 3196 umbris

1900 3214 1959 3244 sed
1981 3216 2093 3244 tamen
2117 3213 2151 3243 tu
2178 3221 2254 3251 eas,
2295 3211 2402 3253 Urse,
2435 3220 2498 3250 pro
2524 3211 2614 3243 virili

2011 3257 2119 3289 dolori
2153 3257 2358 3298 resistendo,
2402 3267 2445 3289 ne
2479 3256 2613 3290 charam

1539 3222 1669 3253 „quam
1692 3214 1856 3252 gemitus,

1537 3258 1654 3299 „juva
1687 3259 1709 3289 i.
1745 3268 1773 3289 e.
1808 3259 1967 3300 subleva,
