2892 3840
358 361 458 413 180

451 483 655 524 Raptorem,
697 482 848 524 Pbrygio
882 482 962 521 etc]
1009 479 1062 511 Ita
1097 485 1142 507 ex
1175 477 1268 507 Rom.
1302 476 1336 506 et
1359 477 1444 506 Ven.

360 531 463 565 codd.
487 532 523 561 et
548 531 620 561 MS.
644 529 795 562 Floreut.
827 527 975 559 restituit
1000 523 1192 555 Gronovius
1216 531 1279 562 pro
1305 521 1446 560 Raptor

360 582 450 610 erat.
487 574 684 607 verissime:
739 577 774 605 et
806 574 854 605 ita
896 571 999 603 etiam
1033 567 1238 600 Parmensis.
1282 567 1445 598 Horatius

362 626 469 656 Serm.
491 623 524 653 11
572 623 605 653 7.

452 643 550 699 011ᾱέ
584 665 670 697 mibi
699 663 870 701 lapidem?
914 662 1086 699 Quorsum
1120 663 1175 691 est
1203 657 1319 699 opus?
1357 658 1447 689 unde

586 709 748 749 sagittas.²

364 760 524 791 Lucanus
547 757 622 796 vu,
645 757 701 785 28.

455 803 551 834 Unde
574 808 683 842 pares
708 804 842 827 somnos
867 795 1020 836 populo,
1054 796 1255 834 noctemque
1282 793 1448 826 beatam?

362 849 411 880 ita
445 847 576 887 legend.
612 854 671 884 pro
693 843 829 881 populi.
876 841 984 872 Simili
1009 842 1107 872 modo
1138 852 1202 881 quo
1227 851 1303 871 cum
1327 843 1447 879 quarto

364 903 462 926 casu:
484 891 643 923 Horatius
667 888 774 926 Epist.
801 889 838 927 1,
864 889 897 921 5,

454 941 527 975 Quo
554 936 638 966 milei
658 936 825 965 fortunam
852 934 886 962 si
914 942 982 962 non
1007 933 1208 962 conceditur
1233 930 1312 963 uti?

364 993 448 1023 quae
493 984 557 1013 duo
597 982 674 1011 loca
707 977 847 1010 adduxit
880 978 1083 1008 Gronovius.
1119 977 1249 1017 pariter
1286 976 1449 1016 Virgilius

363 1028 623 1112 Λεωδίειιῖἷιῗίε
659 1071 727 1100 erit
758 1067 899 1100 modus?
941 1073 1003 1098 ant
1041 1077 1107 1106 quo
1144 1076 1237 1097 nunc
1265 1066 1451 1097 certamine.

584 1114 715 1147 tanta?

361 1163 410 1194 ita
435 1162 532 1194 recte
561 1160 754 1192 emendavit
778 1159 840 1191 Vir
861 1160 910 1192 Cl.
939 1160 996 1191 Fr.
1031 1158 1122 1188 Hare
1140 1156 1245 1195 Epist.
1272 1155 1387 1187 critic.
1415 1165 1447 1194 p.

362 1211 423 1241 23.
454 1218 516 1248 pro
540 1209 728 1239 certamine
756 1210 866 1236 tanto.
915 1205 989 1243 Quo
1018 1206 1069 1234 est
1093 1212 1280 1243 quorsum,
1314 1204 1373 1233 cui
1396 1203 1450 1232 bo-

363 1265 420 1289 no.
468 1254 586 1292 Virgil.
608 1256 692 1285 Aen.
716 1252 759 1292 X,
787 1253 864 1283 315.

453 1300 540 1330 Inde
563 1298 699 1330 Lichan
721 1300 824 1341 ferit,
850 1300 1027 1327 exsectum
1041 1294 1119 1333 jam
1139 1298 1251 1324 matre
1269 1298 1452 1332 perempta

452 1346 503 1376 Et
528 1348 608 1386 tibi,
631 1346 782 1383 Pleoebe,
809 1351 976 1380 sacrum;
1004 1350 1110 1372 casus
1142 1341 1289 1371 evadere
1308 1340 1411 1381 ferri

454 1393 555 1427 Quod
575 1393 674 1422 licuit
696 1399 822 1430 parvo.
870 1389 942 1419 Nec
968 1388 1067 1428 longe
1095 1388 1159 1416 etc.

362 1436 410 1468 ita
448 1439 548 1476 vulgo
583 1437 706 1476 legitur
741 1441 774 1466 et
799 1433 1035 1473 distinguitur:
1086 1432 1140 1462 ubi
1169 1430 1263 1461 notat
1291 1428 1449 1460 Servius:

362 1483 524 1524 „legitur
555 1485 588 1512 et
619 1491 686 1513 cui.
731 1483 775 1512 Et
806 1480 959 1519 respexit
992 1479 1034 1509 ad
1060 1478 1162 1516 illud,
1210 1475 1296 1513 quod
1323 1477 1450 1505 terrum

365 1550 388 1569 ‚,
404 1538 494 1559 nunc
514 1528 648 1566 juvenis
676 1527 782 1558 vitare
808 1537 876 1557 non
901 1525 1009 1564 potuit
1033 1525 1121 1563 quod
1150 1531 1273 1561 parvus
1299 1521 1448 1551 evasit.“

363 1575 496 1606 Pierius
523 1576 641 1613 probat
675 1575 772 1613 quod.
821 1573 904 1604 Vide
935 1581 1032 1610 quam
1055 1570 1154 1601 facile
1181 1567 1450 1606 elegantissimus

364 1620 461 1652 locus
482 1620 693 1651 restituitur:

443 1663 505 1697 'Et
532 1668 612 1702 tibi,
637 1666 791 1701 Phoebe,
824 1673 977 1694 sacrum.
1005 1671 1110 1693 casus
1135 1660 1281 1692 evadere
1297 1659 1398 1700 ferri

459 1714 534 1749 Quo
561 1713 662 1742 licuit
679 1708 823 1749 parvo?

370 1760 429 1790 cui
460 1761 545 1789 bono
575 1758 639 1788 fuit
675 1757 768 1787 illum
792 1763 943 1794 parvum
968 1753 1117 1783 evasisse
1144 1760 1242 1782 casus
1270 1749 1374 1789 ferri,
1422 1748 1451 1778 si

363 1805 432 1846 jam
446 1805 589 1846 juvenis
611 1805 701 1834 ferro
718 1802 918 1832 interiturus
930 1801 1041 1829 esset.z
1060 1799 1135 1831 Val.
1153 1799 1294 1828 Flaccus
1304 1797 1360 1836 1V,
1370 1795 1450 1826 476.

807 1857 888 1877 nam
914 1850 1034 1876 vestra
1056 1845 1217 1876 voluntas

459 1897 556 1934 Quo,
576 1895 746 1933 juvenes,
773 1894 846 1922 sine
871 1902 962 1930 pace
986 1891 1123 1923 Deum?

367 1939 424 1972 ubi
448 1941 573 1980 pariter
596 1939 631 1968 in
655 1940 751 1970 MSS.
776 1941 849 1969 erat
877 1939 983 1976 Quod.

413 1995 445 2016 v.
476 1988 551 2018 193.
608 1993 673 2015 NJ-:c
707 1991 754 2014 ΜΕ
785 1984 1004 2023 prohibente]
1030 1983 1132 2013 Forte
1157 1983 1357 2024 legendum,
1401 1991 1447 2014 ΜΕ

366 2039 438 2063 NON
465 2032 689 2071 prohibente:
739 2031 772 2058 et
813 2031 858 2060 ita
893 2030 1015 2060 citatur
1047 2028 1099 2059 hic
1136 2029 1229 2059 locus
1258 2039 1278 2059 a
1313 2032 1449 2061 Summo

366 2079 519 2109 Bentleio
552 2079 630 2108 Not.
668 2076 710 2106 ad
735 2077 851 2106 Horat.
878 2079 986 2106 Carni.
1016 2077 1076 2111 111,
1103 2076 1133 2106 3.
1183 2075 1249 2106 Sed
1272 2085 1339 2106 non
1366 2085 1449 2114 opus

369 2128 437 2155 est:
476 2124 597 2162 quippe
624 2130 690 2152 NEC
717 2130 763 2152 ue
784 2122 1005 2160 probibente,
1048 2121 1136 2150 idem
1164 2124 1214 2150 est
1239 2131 1296 2163 ac,
1337 2130 1450 2153 ETiAu

368 2180 421 2200 me
444 2179 512 2200 non
539 2169 767 2207 molimenta,-
807 2168 894 2206 quod
920 2168 1026 2205 majus
1058 2169 1108 2196 est
1134 2169 1167 2196 et
1196 2168 1269 2206 plus
1299 2168 1450 2198 continet

369 2225 467 2255 quam
500 2215 581 2245 illud
617 2214 760 2251 simplex
795 2224 846 2244 me
877 2224 944 2244 non
975 2213 1187 2251 prohibente.
1235 2216 1332 2246 Vers.
1373 2215 1448 2245 194.

368 2271 432 2301 pro
456 2270 606 2291 artiorem
632 2260 824 2290 Parmensis
852 2261 952 2290 habet
974 2259 1155 2298 bonorem,
1206 2261 1340 2297 [Venet.
1367 2270 1450 2298 quo-

369 2316 453 2347 que:
475 2308 560 2337 sorte
587 2305 723 2336 rectius.
745 2308 852 2336 tacito
879 2314 1022 2345 quoque,
1051 2315 1119 2335 non
1138 2307 1293 2347 tacitum,
1321 2307 1449 2348 eadem,

370 2354 430 2384 sed
453 2363 523 2383 non
545 2354 615 2382 tam
640 2353 736 2381 bene.
767 2353 824 2382 EX
844 2354 951 2390 ADD.]

414 2409 448 2430 v.
477 2400 555 2433 195,
600 2398 743 2428 redeunt
780 2401 894 2428 animo
924 2398 1001 2436 jam
1025 2403 1122 2426 BONA
1148 2401 1357 2437 precesque]
1384 2405 1450 2428 no-

369 2453 417 2477 ΝΛ
453 2444 536 2475 nihil
570 2444 612 2473 ad
645 2452 734 2473 rem:
776 2454 844 2474 non
876 2445 968 2474 enim
1000 2442 1197 2473 Violantilla
1225 2443 1338 2474 animo
1364 2445 1448 2476 adeo

370 2491 506 2523 sordido
533 2490 566 2519 et
588 2488 715 2519 minuto
736 2490 809 2530 suit,
836 2491 872 2520 ut
903 2496 1000 2520 noxA
1022 2489 1147 2520 Stellae
1168 2489 1348 2527 acciperet.
1365 2492 1449 2522 Stel-

368 2538 436 2568 lam
463 2535 631 2567 reiiceret.
665 2545 734 2566 non
771 2537 832 2567 hoc
860 2534 1018 2567 convenit
1044 2535 1085 2564 iis
1112 2545 1197 2573 quae
1225 2545 1327 2574 supra
1352 2537 1448 2578 dixit,

369 2585 477 2614 vincit
501 2591 582 2620 opes
608 2583 826 2621 animo.Lege
850 2590 942 2613 vo'rA
968 2591 1167 2621 precesque.
1202 2584 1311 2620 Supra
1334 2592 1366 2612 v.
1384 2586 1446 2614 08.

459 2628 507 2658 Ec
532 2635 637 2659 νοτίς
662 2628 881 2667 precibusque
909 2631 980 2659 vir-i
1003 2628 1148 2657 concede
1174 2630 1312 2658 moveri.

371 2673 453 2706 silv.
479 2676 519 2711 v,
546 2675 579 2703 2.
604 2681 638 2705 v.
670 2675 745 2705 159.

507 2717 598 2748 bunc
626 2725 729 2749 vo'ris
753 2720 904 2748 animum
928 2717 1147 2756 precibusque
1168 2716 1313 2756 juvabo.

371 2764 473 2795 Theb.
500 2763 570 2804 XI,
599 2765 676 2794 616.

461 2809 542 2840 Heu
568 2809 684 2846 dolor,
707 2809 773 2839 beu
795 2807 892 2846 justo
918 2809 1028 2850 magis
1051 2809 1220 2839 exaudita
1244 2811 1404 2848 parentis

461 2857 564 2886 Vo'rA
591 2856 769 2895 malaeque
794 2863 923 2893 preces.

370 2899 530 2942 Virgilius
555 2902 612 2941 VI,
636 2903 690 2932 51.

507 2949 631 2978 Cessas
658 2949 693 2977 in
718 2952 816 2976 VOTA
839 2953 1023 2985 precesque

465 2992 572 3033 Tros,
597 2994 670 3029 ait,
694 2991 829 3033 Aenea,
859 2990 1009 3023 cessas?

374 3034 474 3068 Silius
496 3039 582 3079 XII,
610 3039 687 3069 325.

508 3085 575 3115 Dis
605 3091 703 3115 voTA
726 3091 912 3123 precesque

463 3125 565 3159 Ferte
586 3131 701 3165 modo,
726 3133 759 3159 et
782 3130 914 3167 tepidos
938 3129 1013 3161 aris
1038 3127 1143 3159 libate
1170 3135 1324 3161 cruores·

374 3168 521 3206 Alcimu-
548 3173 665 3207 Avitus
685 3176 742 3217 IV,
767 3175 844 3206 654.

1235 353 1422 402 Nom:
1456 362 1526 398 An
1552 350 1658 398 Lm.
1691 350 1738 397 1.
1757 352 1805 397 2.

1950 0 1951 4 ¹
1991 0 2050 31 ”s
2061 10 2070 29 ·.
2081 0 2158 30 7³&
2172 0 2233 33 'ff
2280 0 2292 9 ³·

2014 30 2098 60 ],*'.¹
2131 35 2153 53 μή
2186 34 2240 48 ¹v..

2498 365 2614 416 yso.

1604 472 1684 505 Hoc
1717 479 1824 504 voris
1860 471 2080 513 precibusque
2102 478 2248 517 petens,
2290 474 2356 507 hoc
2368 473 2514 516 fletibus
2539 484 2599 515 op-

1733 523 1830 550 tans.

1515 564 1650 596 Tacitus
1687 564 1774 596 Hist.
1808 567 1834 598 I.
1870 568 2040 603 utrasque
2061 564 2188 602 impias
2210 573 2343 608 preces,
2368 570 2517 607 utraque
2542 567 2600 598 de-

1516 612 1680 644 testanda
1714 613 1807 648 vota,
1839 612 1931 641 inter
1958 610 2043 640 duos
2066 617 2210 648 quorum
2232 611 2316 642 bello
2341 612 2450 643 solum
2470 613 2509 643 id
2533 614 2599 643 sco·-

1516 667 1574 689 res
1607 659 1809 689 deteriorem
1835 657 1923 700 sore
1953 656 2015 695 qui
2040 655 2197 686 vicisset.
2251 656 2400 688 Martini.
2425 657 2595 698 Epigram.

1552 726 1563 746 ²
1652 749 1801 779 Publica
1826 755 1925 787 quem
1939 748 2092 785 primum
2116 752 2211 777 vora
2232 754 2416 786 precesque
2438 753 2575 782 vocant.

1516 794 1682 835 Virgilius
1716 794 1776 835 XI,
1807 795 1883 824 157.

1874 837 1963 867 nulli
1987 837 2158 868 exaudita
2183 837 2322 868 deorum

1632 887 1736 916 VO'rA
1758 891 1944 922 precesque
1969 892 2074 914 meae.

1519 931 1651 962 Seneca
1685 930 1820 961 consol.
1855 928 1898 959 ad
1920 929 2033 966 Polyb.
2064 937 2092 959 c.
2118 929 2172 960 36.
2221 927 2301 958 Hoc
2324 935 2429 957 unum
2453 926 2619 969 obunca-⁴

1521 985 1596 1005 mus
1622 978 1666 1007 ab
1690 976 1754 1006 illa
1778 976 1960 1017 (fortuna)
1987 981 2094 1004 voris
2119 983 2158 1005 ac
2183 973 2342 1012 precibus
2363 972 2515 1011 publicis
2537 973 2601 1003 etc.

1521 1021 1636 1053 Obiter
1661 1021 1802 1052 restitue
1835 1020 1922 1051 hanc
1946 1029 2062 1051 vocem
2089 1019 2255 1050 Eumenio
2281 1020 2376 1050 Grat.
2405 1019 2478 1049 Aet.
2512 1027 2539 1048 c.
2568 1018 2602 1048 4.

1521 1068 1610 1106 quod
1643 1070 1677 1099 si
1705 1066 1791 1098 votis
1828 1071 1863 1096 et
1890 1067 2071 1097 conatibus
2099 1065 2300 1096 Aeduorum
2310 1066 2464 1108 fortuna
2484 1063 2603 1106 favis-

1521 1118 1575 1143 set
1598 1114 1663 1144 etc.
1701 1112 1772 1152 ita,
1797 1111 1933 1150 inquam
1949 1133 1958 1151 ,
1984 1112 2080 1151 lege3
2107 1111 2209 1151 vulgo
2229 1111 2316 1142 male
2335 1111 2441 1143 vobis.
2460 1111 2499 1141 V.
2524 1109 2600 1141 196.

1524 1158 1651 1199 Vigiles
1675 1163 1816 1199 questus
1842 1160 1879 1187 ut
1901 1157 2003 1188 Theb.
2028 1159 2071 1198 11,
2097 1158 2175 1190 336.

1936 1204 1990 1233 nil
2013 1205 2147 1234 transit
2165 1208 2346 1234 amantes.-

1612 1248 1753 1279 Sentio:
1784 1247 1966 1287 pervigiles
1988 1256 2120 1281 acuunt
2145 1250 2301 1287 suspiria
2323 1247 2472 1287 questus.

1565 1303 1598 1324 v.
1629 1295 1705 1325 197.
1753 1293 1892 1325 Asteris
1927 1300 1962 1326 et
1994 1302 2102 1326 varis
2136 1300 2244 1325 totam
2282 1299 2429 1326 cantata
2450 1300 2518 1332 per
2543 1301 2600 1323 ur-

1520 1341 1608 1378 bem]
1650 1339 1816 1378 Displicet
1851 1339 2009 1378 repetitio
2035 1341 2182 1380 syllabae
2203 1343 2259 1371 is.-
2304 1340 2363 1369 sed
2388 1347 2463 1378 nec,
2478 1346 2600 1369 sensus

1519 1389 1612 1417 recte
1644 1396 1680 1416 se
1708 1387 1817 1416 habet.
1851 1395 1948 1424 quem
1986 1386 2076 1417 enim
2113 1386 2166 1417 hic
2197 1386 2270 1416 vult
2304 1385 2430 1416 Statius
2453 1389 2600 1415 cantare

1519 1431 1699 1463 Asteridal
1727 1432 1923 1471 Populum?
1949 1433 2049 1471 Atqui
2078 1432 2156 1470 quid
2182 1431 2314 1471 Populo
2331 1440 2405 1461 cum
2427 1430 2601 1471 napibus,

1521 1488 1607 1517 quae
1632 1479 1675 1509 ad
1698 1478 1864 1509 lautiores
1892 1480 2019 1510 tantuin
2050 1478 2243 1517 pertinent?
2271 1477 2409 1508 Stellam
2429 1475 2532 1515 igitur
2549 1475 2600 1507 in-
2622 1483 2624 1485 ’

1519 1523 1640 1564 telligit
1677 1524 1824 1561 Statius3
1867 1526 1902 1554 et
1938 1524 2166 1555 Violentillam
2202 1523 2381 1554 mitescere
2417 1521 2497 1553 dicit
2524 1531 2600 1553 cum

1519 1580 1633 1601 secum
1667 1571 1842 1609 reputaret
1882 1573 2042 1609 quantum
2076 1580 2136 1608 pro
2167 1569 2226 1600 illa
2261 1576 2442 1608 perpessus
2475 1568 2599 1608 fuerat,

1520 1619 1554 1647 et
1586 1619 1744 1655 quantum
1782 1616 1903 1646 honori
1930 1617 2002 1654 ejus
2027 1617 2262 1655 adstruxerat,
2309 1616 2369 1645 sub
2395 1613 2532 1645 nomine
2556 1615 2602 1645 A-

1519 1663 1652 1693 steridis
1678 1662 1880 1693 celebrando
1914 1662 2004 1693 illam
2042 1663 2196 1693 omnibus
2220 1664 2257 1692 in
2285 1661 2370 1691 locis
2393 1658 2511 1701 (totam
2538 1669 2601 1699 per

1518 1709 1652 1748 urbem)
1690 1711 1723 1739 et
1757 1709 1910 1739 omnibus
1950 1709 2158 1746 temporibus
2193 1707 2287 1750 (ante
2318 1707 2443 1746 dapes,
2486 1709 2600 1748 nocte,

1520 1757 1624 1798 ortu).
1650 1754 1829 1793 legendum
1856 1754 1959 1793 igitur
1987 1762 2075 1784 VATI
2105 1759 2273 1793 cantata,
2298 1751 2323 1783 i.
2357 1761 2386 1783 e.
2414 1752 2554 1785 Stellae·

1564 1811 1597 1835 v.
1627 1802 1706 1831 202.
1754 1800 1852 1836 Quod
1877 1802 1999 1831 durum
2018 1809 2227 1839 permensus
2255 1800 2321 1829 iter
2349 1799 2526 1838 coeptique
2549 1798 2599 1830 la-

1736 1847 1828 1876 boris

1608 1891 1790 1922 Prendisti
1826 1893 1968 1930 portus]
2021 1891 2197 1921 Prendere
2218 1895 2357 1929 portum
2384 1890 2514 1921 laboris
2547 1891 2602 1921 in-

1519 1938 1633 1976 eptum
1662 1938 1695 1966 et
1721 1937 1816 1968 nihili
1843 1939 1901 1967 est.
1927 1936 1996 1966 scio
2023 1937 2166 1968 Statium
2194 1935 2366 1974 scripsisse
2391 1936 2539 1977 labores,
2562 1937 2602 1966 ut

1518 1983 1625 2022 Epist.
1652 1983 1694 2013 ad
1718 1984 1871 2014 Marcell.
1898 1992 1929 2013 v.
1956 1985 2010 2013 88.
2375 2003 2384 2005 Α

1870 2027 1948 2066 jam
1977 2028 2134 2058 Sidonios
2157 2037 2293 2058 emensa
2320 2026 2454 2057 labores

1616 2075 1785 2111 Thebais,
1806 2079 1923 2113 optato
1957 2075 2092 2115 collegit
2117 2075 2268 2104 carbasa
2293 2074 2410 2111 portu:

1519 2121 1576 2151 ubi
1603 2122 1757 2151 carbasa
1783 2126 1891 2158 portu
1927 2121 2084 2160 colligere
2108 2119 2197 2150 idem
2223 2120 2296 2150 vult
2321 2119 2410 2157 quod
2430 2118 2601 2157 prendere

1516 2171 1653 2206 portus.
1701 2166 1903 2197 Claudianus
1933 2166 2076 2204 Epithal.
2102 2166 2186 2196 Pali.
2216 2169 2249 2196 et
2274 2165 2384 2196 celer.
2407 2173 2439 2194 v.
2464 2166 2520 2195 66.

1610 2213 1680 2242 Per
1705 2218 1845 2244 cunclos
1867 2214 1906 2243 iit
1927 2213 1985 2242 ille
2003 2213 2135 2253 gradus
2146 2222 2161 2250 ;
2187 2213 2357 2251 aulaeque
2377 2210 2511 2241 laboro·

1609 2260 1798 2295 Emensus,
1824 2260 1932 2290 tenuit
1960 2267 2113 2289 summae
2131 2260 2291 2301 fastigia
2315 2258 2418 2288 sedis.

1520 2304 1650 2336 Seneca
1674 2303 1797 2336 Medea
1822 2315 1854 2337 v.
1884 2307 1964 2335 610.

1656 2353 1818 2391 Quisquis
1845 2352 1998 2381 intravit
2018 2349 2182 2388 scopulos
2205 2353 2375 2390 vagantes

1655 2397 1705 2429 Et
1725 2403 1775 2428 tot
1797 2405 1952 2426 emensus
1974 2396 2096 2436 pelagi
2118 2396 2250 2425 labores

1656 2444 1824 2474 Barbara
1842 2443 1968 2484 funem
1993 2442 2158 2481 religavit
2180 2449 2253 2471 ora.
2289 2465 2292 2469 ⁴

1518 2494 1591 2522 Hoc
1624 2490 1727 2530 igitur
1761 2498 1804 2519 ex
1831 2497 1931 2518 sensu
1957 2489 2085 2518 certum
2113 2487 2173 2516 est.
2219 2483 2311 2515 Nihil
2337 2483 2537 2514 difficultatis
2561 2483 2598 2514 in

1519 2547 1603 2568 voce
1628 2537 1759 2575 coepti,
1814 2543 1888 2563 cum
1916 2533 2052 2563 obvium
2077 2532 2120 2563 sit
2148 2536 2351 2570 coeptasque
2375 2531 2528 2572 labores,
2560 2531 2600 2560 ut
2636 2557 2642 2561 .

1520 2584 1609 2623 apud
1634 2581 1751 2619 Virgil.
1779 2581 1870 2620 VIII,
1896 2580 1977 2610 439.

1614 2628 1733 2658 Tollite
1761 2632 1906 2661 cuncta,
1941 2625 2075 2664 inquit,
2110 2623 2314 2662 coeptosque
2340 2623 2480 2665 auferte
2503 2621 2608 2663 labo-4

1737 2680 1792 2701 res

1611 2717 1761 2748 Aetnaei
1783 2716 1960 2755 Cyclopes.

1520 2763 1722 2797 Claudianus
1747 2762 1781 2792 in
1806 2763 1947 2800 Eutrop.
1973 2762 2017 2795 11,
2042 2759 2118 2790 396.

1789 2810 1923 2851 fovea(
1945 2811 2079 2838 tantum
2109 2805 2268 2836 Tritonia
2292 2809 2436 2848 coeptis,

1611 2855 1783 2893 Inceptum
1803 2859 1993 2894 peragetur
2019 2859 2124 2891 opus:

1522 2901 1660 2932 Ovidius
1686 2902 1816 2931 Fastor.
1842 2902 1900 2940 IV,
1927 2901 1978 2931 15.

1611 2948 1709 2978 Mota
1737 2947 1946 2986 Cytheriaca
1970 2945 2091 2974 leviter
2117 2951 2194 2973 mea
2219 2946 2376 2981 tempora
2401 2947 2512 2982 myrto

1658 2994 1805 3033 Contigit
1828 2997 1859 3023 et
1872 3013 1884 3029 ,
1911 2992 2073 3029 coeptum
2101 2989 2246 3029 pertice,
2274 2989 2365 3019 darie
2391 2997 2484 3027 opus.

1518 3036 1554 3071 Si
1579 3038 1653 3078 quis
1682 3039 1777 3069 malit
1802 3046 1994 3076 saevosque
2018 3036 2174 3077 labores,
2214 3042 2424 3074 nequaquam
2446 3033 2597 3076 refrage-

1517 3085 1590 3117 bor.
1638 3084 1815 3116 Juvenalis
1839 3086 1908 3117 Sat.
1932 3084 1977 3125 X,
2007 3084 2084 3114 360.

2072 3130 2105 3156 et
2125 3125 2278 3164 potiores

1607 3174 1776 3210 Herculis
1799 3182 1988 3208 aerumnas
2014 3172 2136 3204 credat
2157 3177 2344 3209 saevosque
2368 3168 2502 3203 labore·
