2892 3840
2379 0 2381 6 ῆ
2417 0 2468 21 τέ’
2484 0 2718 27 ψ’«νῑετεετεῑ

2579 59 2582 61 ’
2607 58 2610 62 ’
2630 57 2643 69 ¹
2701 59 2800 80 wast-⁴2

2619 76 2629 89 μ
2680 82 2682 84 ν
2719 81 2802 106 '¹¹1‘ssstss

2762 111 2809 126 .,”’”

2813 127 2820 134 .

445 407 514 457 w
1158 417 2052 460 Ρ.ΡΑΉἬῙ[ΒΤΑΤΗ

1535 530 1594 579 V.

803 662 1296 722 BALNEUM
1376 661 1801 722 CLAUDII
1877 666 2346 728 ETRUSCL

443 872 625 959 NON
659 902 903 951 Helicona
939 903 1082 964 gravi
1113 901 1283 966 pulsat
1312 901 1482 963 chelys
1519 901 1704 951 enthea
1733 904 1946 969 plectro,

438 1008 543 1057 Nec
568 1009 756 1055 lassata
793 1021 920 1056 voco
955 1006 1105 1054 toties
1136 1004 1263 1053 mihi
1288 1005 1498 1053 numina
1530 1005 1718 1056 Musas.

435 1098 504 1145 Et
534 1105 614 1156 te,
642 1096 871 1155 Phoebe,
900 1095 1090 1155 choris,
1121 1103 1174 1143 et
1201 1103 1251 1142 te
1288 1095 1590 1144 dimittimus
1617 1097 1789 1149 Evan:

441 1187 518 1235 Tu
549 1202 744 1253 quoque
771 1194 913 1235 muta
948 1187 1112 1245 ferae,
1143 1186 1348 1237 volucer
1375 1186 1632 1248 Tegeaee,
1665 1204 1878 1238 sonorae

432 1277 595 1340 Terga
627 1292 853 1343 premas:
889 1277 1013 1325 alios
1042 1283 1256 1340 poscunt
1285 1291 1401 1323 mea
1431 1278 1655 1324 carmina
1688 1286 1874 1326 coetus.

426 1368 615 1418 Naidas
647 1368 898 1416 undarum
933 1367 1190 1424 dominas,
1223 1381 1491 1430 regemque
1521 1368 1711 1414 corusci

423 1458 584 1520 Ignis,
621 1458 785 1505 adhuc
817 1458 1035 1515 fessum,
1072 1456 1334 1519 Siculaque
1365 1456 1547 1503 incude
1582 1456 1851 1505 rubentem·

422 1551 669 1599 Elicuisse
703 1553 841 1599 satis.
911 1551 1119 1615 paulum
1153 1565 1295 1598 arma
1328 1550 1587 1609 nocentia,
1624 1549 1844 1609 Thebae,

421 1640 624 1701 Ponite3
661 1641 842 1688 dilecto
872 1642 990 1691 volo
1027 1640 1259 1689 lascivire
1297 1641 1501 1689 sodali.'

421 1729 582 1793 Junge
612 1747 738 1796 puer
771 1731 1009 1793 cyathos,
1046 1730 1138 1778 sed
1171 1744 1236 1777 ne
1270 1731 1759 1791 numerare-labora,
2623 1744 2687 1790 10

421 1820 851 1885 Cunctantemque
878 1820 1086 1869 intende
1124 1819 1335 1882 chelyn:
1373 1822 1602 1879 discede,
1635 1823 1902 1888 laborque,.'

419 1910 674 1975 Curaque,
709 1911 831 1958 dum
865 1909 1041 1958 nitidis
1070 1911 1295 1956 canimus
1331 1914 1639 1970 gemmantia
1669 1914 1812 1959 saxis

413 2001 624 2060 Balnea3
663 2000 881 2065 dumque
911 2013 1133 2064 procax,
1162 2001 1344 2059 myrtis
1377 2000 1641 2065 ederisque
1675 2002 1843 2050 soluta

414 2089 629 2150 Fronte,
659 2091 946 2142 verecundo
983 2088 1091 2137 Clio
1120 2105 1235 2137 mea
1271 2090 1401 2137 ludit
1425 2091 1651 2139 Etrusco,

409 2182 513 2239 Ite,
556 2182 681 2229 deae
716 2181 935 2239 virides,
967 2177 1283 2242 liquidosque
1313 2180 1566 2230 advertite
1599 2182 1795 2239 vultus„
2616 2161 2677 2237 15

2660 1295 2688 1340 CF!

409 2272 478 2319 Et
503 2273 724 2322 vitreum
758 2272 945 2318 teneris
979 2270 1169 2317 crinem
1198 2269 1435 2318 redimite
1470 2272 1740 2333 corymbiS,

405 2359 558 2408 Veste
589 2361 716 2408 nihil
753 2367 941 2409 tectae:
978 2361 1149 2424 quales
1181 2363 1436 2423 emergitis
1472 2363 1588 2410 altis

405 2452 685 2510 Fontibus,
725 2459 777 2499 et
814 2453 931 2501 visu
963 2452 1173 2514 Satyros
1209 2454 1452 2516 torquetis
1488 2461 1731 2502 amantes.

404 2542 526 2591 Non
555 2557 650 2592 vos
683 2557 810 2606 quae
846 2542 992 2606 culpa
1027 2542 1179 2590 decus
1210 2544 1496 2592 infamastis
1528 2560 1773 2608 aquarum

403 2633 683 2682 Sollicitare
705 2634 886 2695 Juvat:
918 2633 1092 2696 procul
1127 2634 1273 2692 hinc,
1304 2641 1356 2680 et
1390 2635 1530 2681 fonte
1564 2634 1741 2682 doloso
2518 2639 2521 2643 ’
2603 2638 2673 2685 20

402 2721 673 2780 Salmacis,
706 2729 758 2768 et
792 2722 978 2771 viduae
1015 2720 1325 2770 Cebrenidos
1358 2723 1501 2771 arida
1532 2724 1670 2771 luctu
2647 2711 2669 2728 ’ὓ

398 2811 664 2871 Flumina,
698 2820 750 2859 et
775 2812 1010 2861 Herculei
1040 2813 1339 2875 praedatrix
1371 2814 1518 2862 cedat
1550 2814 1756 2862 alumni.

396 2902 504 2950 Vos
537 2902 663 2950 mihi
691 2917 817 2967 quae
852 2901 1081 2960 Latium,
1118 2911 1421 2970 septenaquc
1454 2906 1670 2954 culmina
1701 2903 1975 2972 Nymphae

395 2993 644 3051 Incolitis,
679 2992 987 3057 Tybrimque
1020 2995 1169 3042 novis
1205 2995 1433 3043 attollitis
1469 2995 1638 3054 undis,

484 3192 524 3221 v.
546 3191 580 3222 4.
605 3193 701 3224 MSS.
738 3200 854 3229 'ruens
880 3201 1029 3225 mimica.
1054 3195 1153 3234 ναις.
1179 3196 1231 3227 Τυ
1268 3202 1407 3232 Qunam:
1431 3203 1532 3228 ΜυτΑ
1555 3195 1649 3227 ferae
1675 3196 1782 3236 [quod
1807 3195 1941 3229 nex-iore
1964 3191 2155 3227 Marklandi
2179 3191 2380 3225 auctoritate
2407 3201 2499 3225 nuuc
2523 3193 2660 3234 repo-i-

392 3247 464 3280 tum
488 3249 550 3281 est.
573 3256 640 3281 Eo.
664 3252 749 3290 mm]
775 3252 813 3284 1..
836 3252 887 3283 Tu
898 3260 1035 3290 QUOQUE
1068 3261 1191 3285 aum.
1245 3257 1297 3286 10.
1321 3262 1440 3291 amur.
1466 3263 1678 3289 enumerare.
