2892 3840
1373 0 1715 34 rme(
1729 0 1865 27 s
1875 0 2194 59 vrffwffaew
2264 27 2272 35 ,Λ
2443 26 2457 35 2,
2589 22 2594 29 ,

1526 34 1546 47 .·
1570 43 1601 61 7⁴
1630 54 1631 57 Ἰ
1728 36 1730 39 v
1788 36 1823 51 ⁴
1875 35 1877 53 ἶ
1918 34 2041 70 '3323-»3'2-‘5
2102 37 2119 46 '¹
2246 43 2264 61 ν
2342 37 2449 67 “ahu-⁴⁹5
2503 43 2547 70 n'v
2564 34 2599 68 dx?

440 425 508 475 30
1117 429 1163 467 Ρ.
1233 407 1607 466 ΡΑΡὶΝΗ
1677 429 2012 471 svamm

437 545 610 604 Hunc,
643 541 883 604 Annona,
911 544 1048 592 diem
1079 538 1295 605 superba
1321 540 1499 589 nescis.

437 636 485 685 Is
514 649 647 702 nunc
675 634 849 682 aecula
878 646 1138 696 compara,
1171 628 1427 687 Vetustas,

434 725 648 790 Antiqui
675 722 818 774 Jovis
836 758 850 782 ,
879 722 1204 784 Aureumque
1235 715 1467 783 tempus:

437 815 553 865 Non
583 816 654 862 sic
684 812 843 860 libera
870 811 994 860 vina
1022 817 1141 857 tunc
1177 807 1416 868 fluebant,

436 906 542 956 Nec
574 910 770 952 tantum
801 906 944 963 seg'es
981 899 1256 964 occupabat
1290 913 1493 947 annum.

434 994 548 1044 Una
580 992 833 1044 vescimur
868 988 1032 1037 omnis
1069 988 1193 1037 ordo
1227 1002 1406 1039 mensa

433 1086 611 1142 Parvi,
642 1082 882 1140 Femina,
915 1080 1089 1140 Plebs,
1117 1081 1313 1144 Eques,
1341 1081 1569 1130 Senatus.

433 1175 664 1223 Libertas
696 1171 1037 1220 reverentiam
1069 1171 1282 1230 remisit,

431 1267 500 1314 Et
527 1272 584 1312 tu
617 1263 739 1328 quin
770 1262 926 1308 etiam
957 1261 1089 1325 (quis
1120 1261 1214 1309 hoc
1244 1277 1421 1323 rogare

434 1353 557 1414 Quis
591 1352 886 1418 promittere
917 1356 1092 1415 posset
1124 1349 1218 1397 hoc
1250 1350 1527 1415 Deorum'ss)

431 1444 704 1494 Nobiscum
737 1441 897 1489 socias
929 1439 1085 1503 dapes
1120 1441 1274 1488 inisti.

433 1533 548 1582 Jam
584 1549 638 1580 se
675 1532 919 1597 <quisquis
952 1531 996 1577 is
1033 1528 1130 1595 est)
1165 1531 1312 1594 inops
1324 1564 1338 1588 ,
1371 1530 1549 1578 beatus

436 1623 719 1674 Convivam
751 1621 892 1668 ducis
924 1635 1035 1667 esse
1069 1620 1320 1681 gloriatur.

435 1712 543 1762 Hos
577 1714 709 1760 inter
737 1710 992 1766 fremitus,
1024 1724 1283 1774 novosque
1319 1712 1489 1768 luxus,

435 1802 708 1868 Spectandi
746 1800 874 1849 levis
906 1801 1078 1861 effugit
1105 1801 1354 1865 voluptas.

437 1893 551 1942 Stat
581 1866 735 1941 sexus
775 1891 946 1948 rudis,
977 1891 1261 1954 insciusque
1294 1893 1431 1949 ferri,

436 1985 505 2032 Et
536 1998 728 2047 pugnas
760 1983 896 2045 capit
922 1981 1181 2043 improbus
1215 1983 1404 2031 viriles.

438 2071 627 2122 Credas
660 2072 725 2119 ad
757 2071 997 2127 Tanaim,
1029 2071 1257 2121 ferumve
1288 2073 1491 2130 Phasin,

439 2162 918 2212 Thermodontiaeas
947 2161 1106 2208 calere
1139 2169 1344 2210 turmas.

438 2251 534 2302 Hic
564 2251 737 2299 audax
767 2250 901 2298 subit
933 2249 1055 2296 ordo
1089 2252 1420 2314 pumssonum,

440 2341 575 2401 Quos
604 2341 797 2389 Natura
825 2341 969 2389 brevi
998 2347 1133 2388 statu
1162 2350 1391 2405 peractos

433 2431 694 2481 Nodosum
729 2431 885 2478 semel
918 2432 973 2477 in
1009 2431 1210 2492 globum
1244 2432 1434 2493 ligavit.

434 2523 608 2571 Edunt
638 2523 874 2580 vulnera,
910 2528 1273 2585 conseruntque
1301 2522 1528 2580 dextras,

433 2611 502 2659 Et
530 2619 746 2659 mortem
777 2612 873 2658 sibi
904 2611 1023 2675 (qua
1051 2626 1206 2659 manu
1219 2613 1252 2675 !)
1285 2613 1554 2659 minantur.

434 2701 586 2750 Ridet
614 2702 749 2748 Mars
782 2708 950 2765 pater,
983 2707 1035 2746 et
1064 2708 1270 2748 cruenta
1296 2700 1491 2749 Virtus:

437 2790 754 2855 Casuraeque
788 2790 932 2850 vagis
968 2803 1112 2850 grues
1142 2790 1349 2852 rapinis,

435 2883 683 2930 Mirantur
715 2880 933 2945 pumilos
964 2881 1245 2928 ferociores.

526 3142 565 3172 V.
589 3142 646 3172 42.
670 3143 708 3172 L.
735 3149 884 3174 TANTUM
909 3143 1026 3182 [atque
1061 3140 1109 3172 ita
1137 3149 1228 3173 nunc
1261 3150 1324 3181 pro
1350 3150 1415 3184 eo,
1438 3140 1528 3182 quod
1562 3141 1664 3174 antea
1684 3140 1749 3174 fuit
1784 3149 1935 3175 manum
1957 3141 2188 3182 restituimus,
2214 3141 2250 3171 ut
2275 3141 2309 3171 et
2340 3148 2389 3170 vs.
2414 3147 2483 3179 neq.
2507 3145 2686 3172 vnscnmn

433 3206 497 3238 pro
519 3205 710 3229 vsssmrun.
731 3206 798 3231 ΕΒ.
826 3202 910 3239 oa]
958 3201 1014 3231 46.
1038 3205 1108 3230 nuc
1132 3205 1286 3231 vocum.
1333 3201 1391 3232 47.
1416 3206 1552 3234 Possrr.
1603 3201 1675 3240 [55.
1711 3207 1898 3240 πεκωινες
1937 3202 2038 3232 antea
2061 3205 2259 3234 Fanumque.
2284 3204 2351 3229 ευ.
2375 3199 2460 3237 mm]
2510 3198 2564 3229 58.
2588 3198 2636 3241 V*⁴

434 3261 569 3287 surm
593 3262 769 3286 nmero.
