2892 3840
305 403 404 453 170

346 536 378 558 v.
406 527 462 558 20.
515 523 721 566 Amplexum
753 522 878 555 virides
910 525 1051 562 optatae
1087 518 1244 560 conjugis
1279 519 1391 559 artus]

301 575 353 605 lta
381 570 496 604 Editio
520 570 708 611 Gronovfl,
747 572 780 601 et
806 579 878 599 eam
904 569 1039 598 secutus
1071 564 1293 596 Vcenbusius.
1319 565 1394 606 plu-

284 628 356 651 *res
385 620 499 650 tamen
538 617 696 649 exhibent
730 617 868 647 niveos:
920 612 1010 651 quod
1044 620 1149 650 quare
1195 612 1393 643 mutabant}

302 666 350 698 ita
375 665 458 698 Silv.
488 666 541 705 11,
570 666 602 696 3.

330 715 335 719 “
519 712 556 741 ae'n
575 711 732 752 fontem,
755 705 873 736 niveos
899 713 942 734 ne
964 703 1142 743 panderet
1161 704 1270 745 artus,

396 756 497 787 sicut
519 760 600 786 erat
622 762 697 784 cum
721 756 838 789 veste,
860 751 957 780 ruit.-

304 802 361 834 Sic
402 801 492 833 enim
525 799 702 840 legendum
735 805 809 827 esse
842 795 886 827 ad
919 795 1031 828 Iocum
1058 795 1220 834 probabo.
1245 793 1304 826 Sil.
1329 794 1398 825 Ita-

302 848 387 880 licus
412 848 502 887 XII,
527 847 605 878 243.

396 893 550 924 Solvitur
579 899 675 921 omne
698 889 802 919 decus
826 888 914 923 leto,
948 885 1134 924 niveosque
1155 895 1223 924 per
1246 886 1340 915 artus

398 940 434 970 lt
455 938 595 978 Stygius
617 935 734 971 color,
769 939 806 965 et
821 936 968 976 formae
1002 932 1200 973 populatur
1237 930 1397 963 honores.

304 986 454 1016 Catullus
478 984 519 1013 de
542 983 645 1020 Nupt.
670 981 739 1011 Pel.
770 981 804 1010 et
827 980 922 1010 Thct.
950 988 981 1009 v.
1012 979 1092 1011 3011.

394 1030 560 1069 Excepta
586 1027 703 1058 niveos
722 1027 913 1067 perculsae
931 1027 1078 1066 m‘rgz'm‘s
1110 1024 1214 1055 artus.

306 1076 375 1106 Vol.
401 1076 566 1115 Flaccus,
591 1076 618 1114 I,
641 1074 721 1104 219.

438 1122 526 1152 unde
547 1116 643 1151 'urna
668 1119 842 1160 humeris,
867 1117 1052 1158 niveosque
1072 1125 1140 1157 per
1166 1117 1261 1147 artus

398 1168 586 1199 Caerulea&
611 1163 753 1198 vestes?

305 1212 466 1253 Virgilius
493 1213 561 1246 Ciri
590 1222 622 1244 v.
651 1213 729 1245 399.

399 1261 620 1298 Zyndaridae
642 1259 762 1288 niveos
787 1257 962 1286 mt‘rantur
985 1255 1133 1296 virginis
1155 1255 1259 1284 artus.

305 1304 406 1335 Recte
438 1314 473 1334 se
502 1305 642 1335 haberet
664 1305 791 1334 virides
817 1303 911 1331 artus
939 1300 966 1330 si
992 1301 1032 1330 de
1063 1300 1222 1330 Juventa
1250 1299 1305 1329 vel
1331 1297 1400 1328 Ro-

306 1352 386 1381 bore
410 1350 588 1381 dicendum
611 1351 718 1388 foret3
752 1347 805 1379 hic
832 1356 915 1377 vero
943 1346 984 1376 de
1007 1345 1138 1377 Forma
1166 1348 1199 1375 et
1228 1345 1399 1375 Venustu-

309 1401 341 1426 ιε
378 1397 525 1436 loquitur
551 1397 700 1437 Statius,
749 1394 868 1433 quibus
895 1391 1036 1431 congrui
1063 1394 1142 1422 sunt
1168 1393 1262 1422 nivei
1288 1389 1399 1430 potius

309 1451 408 1480 quam
448 1444 576 1474 riv-icles
614 1444 717 1473 artus.
764 1439 918 1470 Bartbius
946 1438 1087 1468 Advers.
1114 1438 1271 1477 XXVIII,
1295 1437 1328 1467 4,
1352 1435 1400 1466 ait

310 1488 343 1518 ln
381 1489 607 1519 vetustissimo
644 1485 829 1524 exemplari
862 1494 898 1515 se
923 1484 1096 1514 invenisse
1120 1492 1233 1514 annos
1257 1491 1318 1521 pro
1343 1491 1400 1511 ar-

311 1540 395 1574 tns‚·
421 1538 454 1565 et
477 1534 556 1565 huic
579 1534 689 1565 libens
709 1531 897 1563 adsentitur
919 1530 1110 1560 Gronovius
1132 1529 1241 1560 Diatr.
1266 1538 1293 1558 c.
1311 1529 1398 1558 LIII.

312 1583 383 1613 Nec
413 1582 547 1612 dubium
575 1582 627 1611 est
652 1579 730 1620 quin
757 1578 885 1608 virides
915 1585 1027 1607 annos
1055 1584 1117 1606 suo
1138 1575 1214 1606 loco
1237 1574 1398 1613 optimum

313 1627 376 1659 sit:
419 1627 473 1658 hic
506 1630 619 1658 tamen
652 1625 730 1657 mihi
756 1624 889 1655 videtur
912 1622 1013 1652 nimis
1037 1622 1139 1660 longe
1167 1620 1328 1661 petitum,
1370 1619 1399 1650 si

313 1673 405 1704 dicas
430 1675 559 1705 virides
586 1682 697 1704 annos
720 1672 854 1710 optatae
881 1669 1053 1709 conjugis,
1088 1668 1122 1698 id
1148 1670 1199 1698 est
1218 1665 1400 1706 'juventam

315 1719 490 1761 conjugis,
530 1721 566 1750 id
599 1721 649 1750 est
675 1719 837 1758 juvenem
863 1716 1049 1754 conjugem.
1097 1715 1168 1744 Nec
1193 1724 1274 1745 sane
1300 1713 1403 1744 video

315 1775 419 1804 quare
449 1767 513 1796 hoc
546 1765 740 1796 admittatur
774 1762 874 1792 unius
907 1764 1036 1792 tantum
1059 1760 1187 1791 codicis
1219 1759 1401 1791 autoritate

316 1813 432 1843 contra
468 1821 583 1842 omnes
616 1812 701 1843 alios
726 1814 795 1841 tum
821 1808 954 1840 codices
981 1810 1051 1837 tum
1083 1806 1272 1847 editiones,
1297 1815 1403 1844 quan-

315 1861 385 1888 tum
426 1858 600 1889 noverim:
641 1855 840 1897 praesertim
873 1864 948 1885 cum
977 1862 1045 1883 non
1087 1853 1318 1884 necessarium
1341 1851 1402 1882 sit:

313 1904 413 1944 immo
437 1903 579 1945 melior,
627 1913 703 1934 meo
727 1901 878 1942 judicio,
918 1900 1055 1938 antiqua
1079 1899 1192 1929 lectio.
1240 1899 1328 1939 Sed,
1367 1899 1404 1928 ut

315 1958 415 1988 saepe
447 1949 598 1981 dicturus
631 1958 722 1990 sum,
766 1946 917 1978 eruditos
950 1949 983 1977 et
1006 1946 1115 1976 minus
1142 1945 1258 1976 obvios
1283 1952 1404 1975 sensus

316 1999 349 2027 et
393 1996 531 2034 phrases
570 1995 717 2027 maxime
760 1993 940 2033 appetebat
977 1991 1183 2041 Gronovius.
1220 1992 1319 2031 quale
1353 1992 1404 2021 est

314 2042 402 2081 quod
426 2042 600 2083 sequitur,

592 2093 626 2119 et
647 2088 755 2118 olenti
772 2093 941 2125 spaegere
964 2084 1150 2124 Thymbra:

315 2141 378 2171 pro
405 2142 470 2171 qua
491 2143 575 2165 voce
599 2134 687 2164 Edit.
712 2133 842 2163 Veneta
865 2131 965 2162 habet
992 2131 1134 2171 nffltebo,
1158 2130 1192 2160 et
1216 2128 1262 2160 ita
1285 2128 1407 2168 legisse

315 2179 536 2210 Claudianum
566 2178 856 2211 verosimillimum
882 2179 953 2218 est,
1000 2176 1056 2215 qui
1088 2177 1124 2207 in
1148 2178 1250 2214 Nupt.
1279 2177 1407 2206 Ilonor.
1440 2207 1442 2209 ,

318 2228 353 2255 et
387 2227 472 2257 Mar.
508 2235 539 2257 v.
566 2228 645 2257 296.
678 2226 766 2256 hunc
798 2226 909 2255 locum
945 2222 1094 2254 imitatur
1126 2225 1160 2253 et
1184 2223 1300 2253 eadem
1326 2231 1408 2253 voce

318 2270 445 2302 utitur:

767 2327 830 2347 nec
855 2317 1005 2358 signifer
1028 2315 1122 2346 ullas

412 2363 486 2394 Nec
511 2364 607 2393 miles
625 2363 769 2402 pluviae
793 2365 893 2394 flores
924 2362 1118 2401 dispergere
1145 2361 1216 2391 ritu

412 2410 540 2449 Cessat,
560 2418 804 2450 purpureoque
830 2410 948 2439 dacem
969 2409 1183 2452 perfundere
1205 2405 1330 2437 nimbo.

325 2453 373 2484 sic
404 2457 567 2496 'tinguere
592 2454 744 2495 floribus
782 2455 939 2486 Lucretio
975 2456 1009 2485 et
1033 2456 1174 2486 odorati
1196 2454 1321 2484 imbres
1350 2453 1411 2484 Se-

324 2509 408 2532 neca
431 2501 467 2531 in
493 2501 611 2532 eadem
637 2511 697 2542 re,
725 2503 758 2532 et
784 2501 952 2533 Martialis
973 2501 1032 2541 IX,
1057 2502 1111 2533 39.

416 2547 602 2590 §Lubrica
626 2548 769 2588 Corycio
792 2550 949 2589 quamvis
974 2550 1047 2579 sint
1066 2547 1207 2587 pulpita
1231 2545 1356 2584 nimbo,
1388 2575 1391 2577 Α

329 2593 363 2622 et
395 2595 500 2624 multa
526 2594 593 2624 alia
617 2603 701 2632 quae
725 2595 868 2625 adduxit
887 2593 1103 2633 politissimus
1132 2590 1312 2621 Gevartius
1343 2588 1413 2630 (cui

327 2635 410 2668 haec
434 2639 613 2679 debentur)
639 2640 755 2679 Papin.
778 2642 871 2671 Lect.
897 2652 925 2671 c.
950 2641 1042 2670 XIII.
1077 2641 1169 2669 Haec
1194 2640 1306 2667 tamen
1329 2637 1415 2665 Gro-

330 2683 432 2714 novio
466 2686 550 2716 tanti
586 2695 654 2716 non
682 2688 781 2725 sunt,
823 2690 860 2718 ut
885 2696 955 2717 non
979 2693 1179 2724 quocunque
1204 2692 1304 2713 sensu
1332 2681 1415 2712 reti-

330 2729 476 2761 nendum
500 2735 637 2763 censeat
660 2730 699 2764 τό
734 2733 919 2771 Thymbra,
940 2731 1048 2763 Diatr.
1074 2742 1101 2761 c.
1122 2731 1208 2760 LIII.
1237 2729 1413 2760 videamus

334 2773 413 2812 quid
446 2777 509 2805 sibi
543 2778 624 2809 velit
654 2778 737 2809 haec
770 2779 883 2809 lectio.
948 2778 1122 2817 Thymbra
1150 2776 1247 2807 locus
1273 2777 1324 2805 est
1352 2783 1412 2804 seu

333 2829 414 2858 ager
436 2820 557 2859 Trojae
580 2824 733 2866 vicinus,
780 2825 901 2863 plenus
923 2824 1026 2854 herba
1052 2821 1271 2862 cognomine,
1315 2830 1414 2859 quam

338 2866 538 2898 Satur-eiam
562 2876 738 2912 vocamus,
765 2870 872 2909 inquit
897 2870 1036 2903 Servius
1063 2870 1106 2900 ad
1130 2868 1221 2907 Virg.
1250 2870 1333 2899 Aen.
1354 2869 1413 2907 111,

339 2914 392 2953 85-
453 2913 624 2952 Thymbra
657 2917 759 2957 igitur
792 2916 895 2948 olenti
928 2925 1088 2956 spargere
1123 2915 1210 2956 (sive
1243 2924 1305 2953 pro
1341 2914 1419 2944 loeo

342 2957 413 2988 'five
431 2968 493 2997 Pl'0
519 2959 628 2990 herba
649 2970 777 3003 sumas,
804 2965 847 2995 ad
870 2964 957 2994 idem
983 2961 1119 3001 recidit)
1146 2962 1195 2992 est
1213 2959 1417 2999 perfundere

343 3007 510 3036 satureia.
543 3007 578 3036 at
602 3005 679 3036 Vide
711 3017 807 3045 quam
841 3010 954 3049 inepte
987 3008 1106 3040 fecerit
1142 3006 1268 3040 Statius
1301 3006 1330 3037 si
1365 3005 1418 3036 in-

343 3048 478 3080 fluxerit
513 3050 669 3081 Amorem
701 3055 735 3083 et
773 3055 916 3088 Gratias
949 3057 1147 3095 spargentes
1181 3063 1249 3084 non
1281 3054 1356 3084 lilia
1381 3053 1416 3082 et

342 3102 445 3125 rosas
471 3097 505 3125 et
530 3102 675 3136 myreum
703 3100 737 3128 et
758 3099 891 3140 violas,
933 3102 992 3132 sed
1017 3105 1237 3135 SATUREIAM.
1284 3101 1416 3131 Decent

342 3140 549 3181 Apollinem,
581 3142 707 3184 inquit,
742 3153 882 3176 munera
906 3146 957 3175 sui
991 3148 1107 3188 campi.
1154 3145 1254 3185 Atqui
1292 3146 1415 3185 Apollo

343 3194 412 3215 non
439 3185 562 3217 dicitnr
594 3196 751 3227 spargere
784 3190 869 3221 hanc
901 3192 1111 3233 thymbram,
1161 3194 1221 3224 sed
1253 3191 1358 3224 Amor
1381 3192 1416 3222 et

345 3230 504 3264 Gratiae.
539 3232 620 3271 quin
654 3242 696 3264 ne
728 3236 835 3274 ipsum
870 3237 1000 3274 quidem
1035 3239 1225 3278 Apollinem
1256 3239 1415 3270 decerent

1138 394 1325 442 NOTAE
1355 405 1424 441 An
1459 393 1565 441 Lm.
1593 391 1629 439 1.
1666 393 1713 438 2.

2452 406 2553 461 5116

1460 518 1546 550 haec
1573 524 1716 549 munera
1741 517 1810 548 tem
1833 515 1919 547 festo
1943 517 2116 557 tempore,
2156 516 2224 549 nisi
2253 518 2411 552 Medicus
2435 520 2554 551 ruisset

1462 564 1589 597 Stella:
1636 564 1693 595 vel
1717 562 1783 594 nisi
1808 561 1901 593 dicas
1923 563 2089 594 urbanum
2112 562 2176 595 bne
2197 565 2274 596 Ioco
2300 574 2376 597 esse
2397 567 2554 608 Statium,

1464 613 1499 642 et
1531 609 1634 642 tacite
1666 609 1821 642 allusisse
1845 609 1888 640 ad
1921 610 2020 641 notas
2054 609 2243 644 satureiae
2275 611 2418 645 virtutes
2452 613 2487 645 in
2511 621 2552 645 re

1463 659 1619 688 venerea
1646 652 1849 696 adjuvanda,
1877 654 1937 696 (de
1964 655 2084 694 quibus
2108 655 2279 694 nequitiae
2302 658 2463 699 magister
2473 659 2556 691 Ovi-

1465 703 1541 735 dius
1585 705 1620 734 et
1665 701 1725 734 alii
1760 704 1902 734 Veteres
1935 701 2075 741 passim)
2112 704 2147 732 et
2181 701 2259 733 ideo
2294 712 2444 742 sparsam
2475 714 2552 736 esse

1466 749 1663 790 thymbram
1697 757 1758 781 seu
1791 748 2005 780 Saturetam.
2063 748 2129 779 Sed
2151 747 2231 786 qnid
2254 751 2385 789 nug-ori
2417 752 2554 784 omnino

1467 805 1585 827 verum
1612 797 1693 834 puto
1717 794 1824 826 olenti
1848 795 1985 825 nimbo.-
2014 803 2111 833 quem
2138 793 2354 833 interpretari
2379 799 2475 836 pote·
2500 798 2559 830 vel

1469 842 1510 872 dJ
1553 842 1684 882 liquore
1716 840 1829 880 aliquo
1862 850 1960 879 quem
1996 849 2109 871 secum
2143 840 2355 873 adducebant
2386 844 2489 874 Amor
2522 845 2559 874 et

1469 887 1629 925 Gratiae,
1679 886 1789 926 qualis
1827 889 1879 917 est
1920 886 2058 918 Idalios
2082 896 2210 919 succus
2230 888 2290 926 *1³⁴
2310 890 2343 922 3.
2369 891 2403 920 et
2429 891 2560 921 arcam·

1470 935 1620 975 liquores
1666 935 1728 974 III,
1761 934 1794 965 4.
1829 933 1907 964 vide
1945 932 2120 965 claudian.
2154 933 2197 964 de
2229 934 2332 972 Nupt.
2362 936 2491 967 Honor.
2523 937 2557 967 et

1468 983 1556 1012 Mar.
1592 989 1624 1011 v.
1663 982 1738 1012 lOl.
1761 982 1795 1011 et
1819 980 1900 1011 200.
1926 984 1961 1011 et
1986 979 2188 1019 Epithalam.
2235 979 2379 1013 Palladii
2401 986 2437 1014 et
2461 981 2560 1014 cele·

1465 1027 1564 1059 rinae
1587 1036 1620 1058 v.
1652 1028 1731 1057 116.
1754 1027 1936 1066 largosque
1960 1035 2123 1058 rosarum
2147 1026 2292 1067 Imbres,
2312 1029 2378 1060 etc.
2396 1028 2452 1060 ubi
2473 1028 2563 1061 huuc

1466 1074 1579 1104 Iocum
1627 1072 1719 1103 clare
1753 1072 1915 1103 imitatur.
1970 1074 2075 1114 Mox,
2121 1081 2185 1112 pro
2205 1073 2334 1115 fronte
2368 1075 2561 1107 Gronovius

1467 1119 1687 1152 Dian-‚mlx
1712 1120 1846 1159 legebat
1859 1119 2016 1161 fronde.-
2043 1121 2081 1150 ut
2105 1119 2206 1159 enim,
2232 1119 2352 1161 inquit,
2371 1122 2450 1154 lilia
2474 1124 2563 1154 mix>-

1469 1171 1509 1198 ta
1539 1166 1660 1202 violis,
1708 1165 1756 1196 ita
1789 1174 1874 1197 rosa
1890 1166 2034 1208 fronde.
2078 1165 2219 1197 Elench.
2243 1166 2423 1202 Antidiatr.
2447 1170 2562 1200 tamen

1469 1221 1543 1250 cap.
1580 1213 1624 1242 II.
1651 1211 1778 1242 retinet
1792 1213 1939 1254 fronte,
1985 1211 2065 1250 quia
2087 1214 2188 1250 caput
2206 1212 2414 1251 potissimum
2440 1214 2475 1247 in
2499 1216 2562 1247 lm-

1468 1256 1615 1289 iusmodi
1648 1253 1877 1300 ἆνθοβολίαις
1911 1257 2048 1296 petitur.
2106 1259 2151 1288 Et
2186 1258 2250 1289 hoc
2277 1259 2390 1298 potius
2415 1261 2561 1304 videtur,

1470 1304 1499 1335 si
1539 1304 1632 1334 locus
1669 1311 1772 1334 sanus
1809 1303 1863 1334 sit.
1891 1312 1952 1342 pro
1984 1304 2082 1334 violis
2106 1305 2197 1334 Flor.
2223 1304 2317 1338 Rom.
2339 1308 2372 1336 et
2391 1309 2474 1339 ven.
2496 1312 2562 1341 σο-

1469 1351 1561 1381 dices
1585 1349 1708 1379 habent
1736 1349 1859 1380 mollis.
1906 1351 2012 1389 Mox,
2052 1358 2115 1387 pro
2142 1351 2252 1380 niveis
2277 1359 2298 1380 a
2322 1352 2468 1384 vultibus
2494 1355 2563 1386 for-

1468 1399 1503 1426 te
1528 1394 1707 1434 legendum
1731 1396 1873 1436 nitidis,
1913 1395 2072 1433 quoniam
2096 1394 2284 1434 praecessit
2310 1399 2428 1430 niveos
2456 1403 2561 1432 artus.

1470 1443 1590 1473 contra
1616 1441 1706 1479 apud
1729 1442 1894 1473 Senecam
1919 1441 2055 1480 Hippoi.
2079 1443 2154 1472 Act.
2181 1443 2224 1472 11.
2250 1450 2282 1472 v.
2309 1444 2386 1476 375.

1910 1497 1978 1518 non
2002 1489 2090 1518 idem
2114 1489 2231 1528 vigor,

1561 1532 1639 1563 Non
1661 1540 1727 1563 ora
1749 1534 1888 1573 tingens
1916 1533 2023 1564 nitida
2040 1542 2241 1573 purpureus
2263 1535 2394 1565 rubor:

1559 1577 1760 1617 Populatur
1781 1583 1884 1610 artus
1909 1589 2020 1610 cura:
2041 1578 2120 1617 jam
2145 1588 2291 1620 gressus
2322 1585 2492 1620 tremant,

1565 1624 1743 1665 Tenerque
1765 1624 1865 1656 nitidi
1914 1627 2071 1666 corporis
2095 1626 2220 1657 cecidit
2243 1626 2371 1657 decor.-

1469 1670 1649 1709 legendum
1671 1673 1753 1709 puto
1766 1691 1778 1708 ‚

1564 1717 1642 1747 Noa
1665 1726 1730 1748 ora
1754 1719 1895 1757 tingens
1923 1716 2025 1747 nivea
2044 1726 2246 1758 purpureus
2275 1719 2405 1749 rubor:

1472 1772 1573 1793 voees
1605 1761 1694 1792 enim
1730 1764 1844 1794 nitida
1867 1764 1901 1793 et
1925 1764 2029 1794 nitidi
2051 1763 2109 1793 vix
2135 1766 2186 1794 est
2209 1765 2246 1794 ut
2270 1773 2311 1795 eo
2338 1764 2436 1795 modo
2461 1764 2567 1796 collo-

1474 1810 1567 1839 caret
1591 1810 1742 1840 Seneca:
1771 1811 1806 1838 et
1831 1808 1999 1847 oppositio
2026 1810 2173 1847 postulat
2199 1812 2325 1850 nivea,·
2361 1819 2564 1850 purpureus

1472 1856 1577 1885 rubor
1602 1855 1735 1894 tingens
1761 1856 1865 1885 nivea
1888 1864 1970 1895 ora,
1992 1855 2121 1888 Indum
2145 1858 2335 1896 sanguineo
2363 1858 2474 1889 veluti
2495 1860 2569 1891 vio-

1473 1901 1605 1978 }szIerit
1630 1908 1749 1932 osrao
1774 1900 1818 1932 Si
1841 1903 1918 1942 quis
1944 1909 2058 1932 naua:
2086 1902 2192 1933 verba
2216 1905 2295 1933 sunt
2315 1903 2468 1935 Maronis
2484 1905 2568 1936 Aen.

1553 1969 1563 1987 ,
1587 1949 1644 1978 07.

1522 1994 1572 2032 [v.
1602 1995 1659 2025 21.

1474 2039 1532 2071 Ex
1561 2040 1671 2079 Anu]

1524 2086 1573 2124 [v.
1597 2087 1654 2117 22.
1701 2084 1824 2122 violis,
1860 2084 1969 2115 Parm.
2002 2085 2037 2115 et
2061 2085 2155 2116 Rom.
2190 2087 2225 2116 et
2259 2086 2343 2117 Ven.
2369 2086 2490 2118 mollis.
2512 2086 2571 2118 Ex

1476 2133 1585 2171 Anu]

1526 2179 1573 2216 [v.
1612 2178 1668 2208 23.
1717 2177 1893 2216 donzinae,
1932 2176 2043 2207 Parm.
2081 2177 2116 2207 et
2140 2178 2223 2208 Ven.
2246 2178 2402 2209 dominis.
2426 2177 2511 2210 latet
2534 2187 2571 2210 a-

1476 2223 1594 2263 liquid.
1620 2224 1677 2254 Ex
1699 2223 1807 2260 Ano]

1524 2279 1557 2301 v.
1586 2271 1642 2301 27.
1693 2270 1838 2299 Cessent
1871 2268 2051 2299 mendaces
2088 2269 2217 2309 obliqui
2248 2270 2415 2300 carminis
2447 2271 2568 2309 aetus]

1479 2316 1611 2355 Optime
1646 2314 1725 2345 huic
1747 2315 1822 2345 loco
1849 2317 2051 2354 congrueret
2074 2315 2252 2346 mordaces
2278 2325 2340 2354 pro
2365 2315 2571 2346 mendaces:

1480 2362 1545 2393 nisi
1589 2362 1810 2401 quod'versu
1849 2361 2005 2400 proximo
2047 2354 2200 2399 sequitur
2224 2362 2340 2403 frena
2369 2361 2569 2393 momordz't:

1481 2409 1570 2448 quod
1594 2411 1706 2439 tamen
1730 2406 1815 2438 tanti
1839 2417 1909 2438 non
1933 2410 1984 2438 est
2009 2408 2046 2437 ut
2068 2406 2260 2445 rejiciamus
2283 2407 2488 2438 mordaces:
2522 2406 2571 2438 ita

1480 2456 1571 2486 enim
1609 2453 1777 2485 interdum
1811 2453 1954 2494 accidit,
1998 2452 2267 2496 praesertim-in
2299 2452 2350 2483 his
2382 2452 2477 2491 quasi
2509 2460 2572 2486 ex-

1480 2500 1708 2540 temporaneis
1740 2499 1868 2538 ingenii
1901 2498 2084 2538 periculis3
2129 2498 2164 2528 in
2197 2499 2316 2536 quibus
2341 2497 2513 2531 festinatio
2537 2502 2572 2531 et

1481 2547 1664 2579 necessitas
1692 2545 1951 2585 patrocinantur
1983 2544 2060 2576 usui
2093 2542 2244 2582 ejusdem
2273 2545 2378 2577 vocis.
2399 2546 2448 2577 lta
2470 2547 2571 2578 Herc.

1483 2595 1640 2627 surrent.
1667 2601 1699 2622 v.
1726 2593 1802 2623 152.

1715 1992 1839 2034 nimbo,
1862 1992 1972 2024 Parm-
1999 1995 2033 2024 et
2058 1993 2154 2025 Rom.
2181 1995 2331 2034 tymbra.
2357 1994 2392 2024 et
2411 1993 2460 2026 ita
2483 1995 2572 2026 Ven-

1922 2637 2095 2677 nudosque
2117 2638 2271 2666 virorum
2460 2670 2464 2674 v

1575 2684 1753 2718 certatus,
1774 2688 1809 2714 et
1827 2692 1948 2722 parva
1972 2692 2059 2713 suae
2081 2683 2276 2713 so‘nmlacra
2302 2691 2462 2714 coronae.

1576 2731 1666 2769 Quin
1703 2737 1787 2768 age,
1832 2734 1866 2760 et
1896 2731 1971 2769 ipse
2005 2729 2114 2760 libens
2136 2731 2278 2769 proprii
2301 2728 2494 2761 certaminis
2515 2739 2574 2761 00-

1703 2779 1760 2805 tus

1575 2820 1718 2851 Invicta
1742 2821 1888 2861 dignare
1909 2830 2025 2850 manu.

1483 2866 1577 2898 vides
1617 2872 1775 2898 certatus
1805 2868 1838 2896 et
1864 2868 2092 2897 ceremm‘m’s:
2136 2875 2200 2898 nec
2225 2866 2404 2906 quidquam
2431 2865 2477 2897 ibi
2501 2874 2573 2897 mu-

1484 2915 1557 2944 tare
1585 2915 1680 2952 potes
1708 2914 1831 2951 absque
1854 2922 1981 2944 summa
2006 2912 2180 2944 violentia.
2213 2913 2399 2955 optimum,
2425 2912 2574 2953 inquam,

1486 2960 1664 2991 mordaces
1689 2961 1791 2990 astus.
1839 2959 1979 2990 Ovidius
2004 2959 2106 2990 Trist-
2131 2961 2176 3000 11,
2202 2960 2280 2991 563.

1577 3007 1654 3037 Non
1678 3015 1738 3046 ego
1763 3005 1913 3036 mordaci
1937 3006 2117 3037 destrinxi
2142 3004 2290 3037 carmine
2313 3011 2525 3046 quenquam.

1485 3051 1600 3084 Sidon.
1627 3051 1834 3092 Apollinaris
1860 3054 1971 3084 Carm.
1998 3054 2055 3093 lv,
2087 3052 2140 3083 15.

1576 3099 1654 3130 Non
1683 3109 1743 3140 ego
1767 3098 1918 3130 mordaci
1936 3099 2075 3142 fodiam
2097 3097 2194 3128 modo
2218 3095 2319 3126 dente
2343 3092 2536 3125 Maronem.

1483 3145 1646 3176 Manilius
1673 3147 1721 3185 V,
1749 3145 1825 3176 145.

1576 3191 1628 3222 Et
1651 3191 1721 3221 sale
1746 3188 1895 3221 mordaci
1921 3190 2038 3221 dulces
2064 3186 2269 3230 quaerentia
2292 3186 2399 3216 risus.

1484 3236 1670 3276 Eleganter
1695 3236 1856 3268 Paulinus
1881 3235 1987 3275 Epist.
2014 3236 2076 3276 111,
2100 3233 2144 3266 ad
2164 3230 2362 3265 Ausonium.
2393 3239 2426 3261 v.
2462 3231 2536 3263 158.
