2892 3840
398 383 464 429 62
1068 374 1971 432 P.PAP14N11s;r‚A‘·r11

397 506 638 563 Doctam‚
668 511 816 568 atque
848 504 1047 565 ingenio
1081 515 1172 549 suo
1204 500 1462 547 decoram:

399 594 610 653 Qualem
639 594 824 642 blanda
857 593 1050 647 Venus,
1088 589 1329 653 daretque
1361 588 1505 638 Juno.

396 683 616 741 Forma,
651 681 998 746 simplet-assum,
1033 678 1291 738 comitate,

403 775 587 830 Censu,
622 771 868 833 sanguine
882 802 895 827 ,
923 768 1131 830 gratia,
1165 766 1355 816 decore.

398 863 465 910 Et
491 869 687 912 vestros
718 859 1050 920 Hymenaeon
1084 864 1201 905 ante
1237 867 1409 923 postes

398 953 599 1000 Faustis
632 949 856 998 cantibus
889 950 1002 1012 ipsa
1039 948 1335 1012 personabo.

399 1042 441 1089 O
471 1055 652 1089 saevae
682 1039 919 1095 nimium,
951 1052 1227 1102 gravesque
1259 1039 1466 1087 Parcae!

398 1131 439 1178 Ο
469 1108 724 1194 nunqnam
758 1129 878 1176 data
910 1128 1042 1175 festa
1069 1129 1218 1190 longa
1253 1132 1486 1179 summis!

398 1218 498 1267 Cur
526 1220 665 1282 plus,
701 1218 883 1276 ardua,
915 1218 1110 1265 casibus
1140 1220 1359 1281 patetis'.l

396 1310 495 1359 Cur
529 1311 676 1359 laeva
706 1310 818 1358 vice
852 1323 1035 1370 magna
1068 1324 1171 1357 non
1209 1312 1505 1359 senescunt'.l

395 1401 476 1449 Sic
507 1407 683 1446 natum
715 1397 1009 1446 Nasamonii
1046 1398 1289 1450 Tonantis

395 1493 516 1541 Post
547 1497 684 1537 ortus
720 1489 981 1552 obitusque
1017 1490 1308 1540 fulminatos

394 1581 622 1643 Angusto
649 1579 876 1639 Babylon
900 1581 1086 1641 premit
1114 1582 1386 1645 sepulchro.

396 1674 476 1722 Sic
504 1673 663 1718 fixum
689 1669 883 1716 Paridis
914 1684 1067 1717 manu
1102 1673 1338 1719 trementi

394 1761 601 1811 Peliden
634 1759 806 1806 Thetis
836 1757 1030 1806 horruit
1065 1761 1339 1809 cadentem.

394 1854 476 1902 Sic
504 1851 627 1914 ripis
668 1864 758 1910 ego
792 1851 1150 1896 murmurantis
1182 1850 1341 1898 Hebri

390 1944 505 1993 Non
536 1945 732 1986 mutum
767 1944 916 2000 caput
949 1938 1179 2001 Orpheos
1211 1940 1466 2005 sequebar.

389 2032 471 2080 Sic
500 2037 552 2077 et
585 2036 641 2076 tu
670 2027 854 2093 (rabidi
884 2027 1028 2075 nefas
1057 2031 1258 2090 tyranni
1270 2030 1303 2093 Ι)

390 2120 566 2169 Jussus
600 2114 924 2183 praecipitem
960 2117 1127 2164 subire
1160 2117 1372 2177 Lethen,

388 2213 525 2259 Dum
557 2223 748 2274 pugnas
777 2208 941 2264 canis,
977 2207 1231 2272 arduaque
1270 2224 1395 2258 voce

389 2302 496 2349 Das
531 2299 710 2347 solatia
745 2296 1013 2359 grandibus
1048 2298 1338 2360 sepulchris,

389 2390 454 2453 (Ο
485 2389 650 2436 dirum
678 2385 863 2433 scelus!
901 2400 930 2432 o
959 2385 1116 2433 scelus
1130 2387 1163 2451 !)
1195 2389 1395 2436 tacebis.

387 2481 468 2528 Sic
502 2480 608 2526 fata
642 2484 743 2534 est,
777 2477 1053 2539 leviterque
1087 2477 1377 2527 decidentes

386 2570 591 2617 Abrasit
619 2567 849 2614 lacrimas
877 2567 1070 2612 nitente
1100 2568 1302 2631 plectro.
1371 2548 1380 2574 Γ

387 2661 457 2708 At
482 2667 562 2716 tu,
591 2671 681 2704 seu
707 2656 940 2719 rapidum
970 2657 1073 2719 poli
1108 2673 1198 2720 per
1234 2673 1387 2706 axem

386 2750 575 2798 Famae
612 2746 835 2794 curribus
864 2745 1033 2793 arduis
1068 2746 1281 2805 levatus,

387 2838 496 2896 Qua
531 2842 739 2898 surgunt
769 2836 965 2883 animae
996 2839 1323 2898 potentiores,

384 2930 564 2978 Terras
600 2927 841 2991 despicis,
876 2934 926 2973 et
960 2928 1219 2991 sepulchra
1249 2930 1407 2978 rides:

2576 1597 2642 1641 95

2547 2047 2646 2093 100

2540 2498 2633 2543 105

2535 2951 2633 2996 110

472 3142 511 3170 V.
535 3141 587 3171 83.
611 3139 707 3178 vulg.
732 3146 812 3170 Tuo.
862 3140 916 3169 88.
941 3145 1073 3171 ras-ms.
1101 3142 1155 3172 92.
1179 3141 1217 3173 F.
1242 3149 1360 3175 LAEvA
1386 3142 1473 3186 vice,
1501 3144 1607 3184 [quod
1625 3145 1696 3185 jam
1722 3149 1933 3188 recepimun;
1959 3153 2060 3181 antea
2084 3158 2207 3184 εΑενΑ.
2233 3160 2298 3184 Eo.
2326 3158 2410 3195 ma]
2459 3158 2514 3188 96.
2540 3166 2630 3191 'raz-

383 3202 521 3226 mnx'rls.
