2892 3840
351 427 453 479 124

873 873 1525 934 P.PAP1N11
1613 873 2059 933 s'rA'rlr

599 1037 663 1123 S
819 1039 868 1122 I
1028 1039 1119 1124 L
1269 1039 1353 1122 V
1497 1039 1588 1124 A
1735 1038 2079 1125 RtU
2229 1037 2339 1121 M

1146 1263 1374 1303 LIBER
1431 1262 1792 1308 QUINTUS.

986 1590 1107 1644 AD
1192 1586 1946 1645 ABASCANTIUM.

353 1799 669 1883 Omnibus
711 1820 1010 1877 affectibus
1045 1822 1445 1892 prosequenda
1467 1829 1602 1876 sunt.
1634 1822 1788 1875 bona
1817 1822 2092 1893 exempla
2114 1823 2262 1886 ficum
2288 1820 2522 1892 publice

350 1933 586 2004 prosint.
664 1932 864 1987 Pietas
900 1946 1076 2002 quam
1111 1929 1416 1984 Priscillae
1446 1937 1599 1988 tuae,
1619 1936 1909 2002 praestas,
1949 1938 2009 1985 et
2036 1947 2266 1994 morum
2291 1937 2526 1986 tuorum

351 2053 483 2107 pars
540 2043 655 2105 est,
717 2043 777 2090 et
825 2035 976 2089 nulli
1029 2051 1146 2089 non
1198 2033 1506 2089 conciliare
1552 2042 1639 2104 te,
1692 2035 2002 2107 praecipue
2055 2035 2263 2091 marito
2302 2041 2524 2107 potest.

352 2137 610 2194 Uxorem
667 2139 825 2194 enim
887 2137 1085 2195 vivam
1134 2155 1356 2207 amare,
1415 2138 1683 2211 voluptas
1739 2145 1856 2207 est,
1914 2136 2247 2194 defunctam
2298 2137 2524 2212 religio.

353 2239 478 2314 Ego
526 2249 723 2297 tamen
768 2241 904 2296 huic
946 2241 1107 2312 operi
1152 2260 1270 2297 non
1311 2250 1380 2297 ut
1416 2259 1567 2298 unus
1610 2261 1643 2297 e
1690 2241 1888 2310 turba,
1929 2259 2039 2297 nec
2086 2249 2314 2298 tantum
2361 2241 2526 2314 quasi
2564 2242 2598 2296 5

355 2341 639 2400 officiosus
672 2345 890 2401 assilui.
940 2345 1156 2425 amavit
1191 2346 1351 2402 enim
1378 2363 1628 2402 uxorem
1654 2362 1848 2401 meam
1874 2345 2160 2414 Priscilla,
2192 2354 2253 2401 et
2278 2345 2521 2401 amando

352 2448 493 2504 fecit
527 2448 673 2504 mihi
707 2450 874 2505 illam
910 2449 1318 2520 probatiorem.
1394 2457 1524 2521 post
1559 2449 1668 2505 hoc
1700 2450 1960 2524 ingratus
2000 2465 2129 2505 sum
2166 2448 2217 2502 si
2255 2446 2523 2502 lacrimas

353 2559 481 2607 tuas
517 2559 764 2608 transeo.
849 2552 1186 2622 Praeterea,
1235 2554 1388 2608 latus
1435 2570 1606 2608 omne
1645 2553 1877 2609 divinae
1925 2553 2131 2607 domus
2166 2567 2394 2622 semper
2423 2550 2522 2605 de-

354 2655 568 2710 mereri
597 2672 700 2726 pro
734 2672 865 2710 mea
910 2656 1308 2711 mediocritate
1348 2655 1626 2711 connitor.
1704 2673 1842 2710 nam
1880 2656 1980 2728 qui
2024 2654 2175 2709 bona
2213 2654 2327 2709 fide
2365 2653 2523 2709 Deos

355 2758 511 2827 colit,
536 2766 690 2812 amat
710 2766 769 2812 et
801 2760 1144 2813 sacerdotes,
1190 2754 1307 2811 Sed
1338 2759 1600 2830 quamvis
1627 2759 1956 2831 propiorem
1983 2776 2206 2816 nexum
2234 2758 2600 2815 amicitiaelss

354 2868 490 2916 tuae
532 2862 882 2934 jampridem
937 2878 1234 2934 cuperem,
1290 2863 1529 2920 mallem
1582 2871 1783 2935 ‘tamen
1833 2865 2092 2919 nondum
2143 2863 2522 2921 intervenisse

357 2966 677 3022 materiam.
733 2964 1117 3028 *MREHQUA
1151 2981 1397 3022 DESUNT.

450 3262 524 3293 hin.
553 3264 583 3295 3.
610 3266 706 3306 Vulg.
731 3273 842 3307 PARS,
870 3275 984 3298 surm.
1033 3269 1062 3298 5.
1088 3275 1154 3298 san
1184 3275 1308 3300 TAMEN
1331 3275 1404 3300 Tru
1430 3269 1536 3307 quasi.
1591 3272 1640 3301 11.
1666 3270 1788 3310 Forte,
1812 3269 1945 3300 mallem
1973 3273 2091 3300 τΛιΕΜ
2115 3265 2273 3296 nondum.
