2892 3840
894 415 1372 454 summanum
1436 404 1612 455 Lrn.
1679 405 1758 455 111.

245 528 433 579 Umbra
461 530 616 579 venit.
686 530 831 593 longe
862 529 1132 578 Furiarum
1162 528 1335 588 sibila,
1367 530 1515 592 longe

244 619 571 682 Tergeminus
607 627 786 669 custos.
851 621 1055 684 penitus
1088 620 1177 669 via
1204 618 1354 680 longa
1379 627 1607 683 patescat

242 708 474 757 Manibus
509 710 732 771 egregiis.
802 716 914 768 eat,
941 707 1343 772 horrendumque
1377 708 1573 757 silentis

241 798 463 847 Accedat
491 799 685 848 domini
711 799 917 858 solium,
947 806 1209 863 gratesque
1239 813 1498 862 supremas

151 930 154 932 ,
242 887 491 947 Perferat,
522 896 575 935 et
600 888 813 936 totidem
836 889 1016 950 Juveni
1048 895 1192 950 roget
1223 890 1408 936 anxius
1442 903 1614 938 annos.

241 976 404 1024 Macte
431 979 517 1041 pio
552 980 763 1039 gemitu!
796 976 1026 1024 dabimus
1056 977 1236 1024 solatia
1267 977 1431 1038 dignis

239 1065 503 1123 Luctibus,
534 1064 821 1128 Aoniasque
849 1072 936 1111 tuo
965 1065 1272 1112 sacrabimus
1299 1066 1433 1112 ultro

239 1155 473 1213 Inferias„
501 1155 734 1212 Etrusce,
768 1156 890 1201 seni.
960 1161 1016 1200 tu
1048 1153 1214 1215 largus
1248 1154 1358 1202 an

240 1244 501 1301 Germina‚
536 1250 592 1290 tu
624 1257 817 1291 messes
850 1241 1156 1307 Cilicumque
1184 1242 1506 1308 Arabumque
1538 1245 1766 1310 superbis

239 1333 407 1395 Merge
441 1334 599 1394 rogis:
632 1333 763 1380 ferat
790 1333 921 1394 ignis
957 1346 1079 1396 opes
1114 1331 1374 1391 haeredis,
1407 1341 1460 1381 et
1491 1335 1593 1382 alto

238 1422 433 1484 Aggere
460 1423 663 1469 missuri
695 1421 857 1469 nitido
890 1422 977 1484 pia
1014 1422 1189 1470 nubila
1225 1423 1362 1470 caelo

241 1512 499 1575 Stipentur
528 1513 741 1558 cineres:
775 1525 875 1558 nos
902 1525 1006 1557 non
1030 1525 1206 1559 arsura
1237 1512 1462 1560 feremus

239 1601 470 1659 Munera;
502 1607 840 1663 venturosque
868 1607 986 1647 tuus
1009 1599 1211 1649 durabit
1236 1602 1291 1648 in
1321 1618 1496 1662 annoS‚

239 1691 322 1739 Me
352 1698 689 1749 monstrante,
720 1690 886 1738 dolor:
920 1705 1083 1755 neque
1112 1693 1249 1740 enim
1282 1693 1409 1740 mihi
1433 1695 1552 1743 flere
1585 1703 1850 1761 parentem

239 1781 497 1843 Ignotum,
520 1787 572 1827 et
598 1780 787 1828 similes
822 1781 988 1842 gemui
1010 1782 1261 1845 projectus
1296 1783 1362 1831 ad
1395 1785 1553 1845 ignes.

238 1851 326 1918 Ille
358 1872 484 1918 mihi
513 1878 601 1918 tua
631 1870 817 1918 damna
847 1870 956 1918 dies
985 1886 1298 1935 compescere
1330 1881 1479 1920 cantu

241 1959 456 2018 Suadet3
490 1967 543 2007 et
575 1961 684 2023 ipse
718 1959 833 2017 tuli,
855 1973 983 2023 quos·
1007 1975 1139 2008 nunc
1167 1961 1260 2010 tibi
1289 1963 1515 2022 confero,
1545 1973 1764 2028 questus.

241 2047 357 2098 Non
388 2049 480 2097 tibi
505 2050 637 2097 clara
670 2049 904 2113 quidem,
931 2051 1098 2098 senior
1124 2051 1490 2114 placidissime,
1519 2057 1682 2116 gentis

242 2137 426 2196 Linea,
455 2153 548 2186 nec
573 2139 782 2201 proavis
810 2138 1086 2187 demissum
1116 2148 1357 2190 stemma:
1389 2143 1481 2191 sed
1513 2145 1695 2206 ingens

242 2229 507 2294 Supplevit
531 2229 732 2276 fortuna
759 2244 940 2291 genus,
974 2232 1267 2295 culpamque
1295 2241 1564 2296 parentum

242 2316 479 2366 Occuluit.
548 2331 710 2380 neque
739 2319 874 2365 enim
903 2318 1133 2368 dominos
1163 2321 1227 2368 de
1251 2322 1399 2384 plebe
1427 2324 1611 2382 tulisti;

241 2407 344 2455 Sed
375 2407 552 2471 quibus
581 2421 782 2454 occasus
813 2410 1002 2471 pariter
1036 2409 1342 2458 famulantur
1375 2419 1428 2458 et
1461 2419 1613 2459 ortus.

240 2495 345 2544 Nec
371 2496 534 2559 pudor
570 2497 668 2542 iste
704 2496 818 2543 tibi:
858 2497 978 2561 quid
1013 2500 1146 2546 e'nim
1183 2501 1427 2564 terrisque
1456 2501 1674 2565 poloque

240 2584 455 2632 Parendi
490 2585 597 2632 sine
635 2585 744 2646 lege
780 2586 982 2632 manet?
1011 2588 1122 2636 vice
1158 2596 1333 2636 cuncta
1366 2598 1622 2651 reguntur,

242 2672 559 2736 Alternisque
592 2681 783 2735 regunt.
850 2676 1065 2739 propriis
1097 2677 1189 2725 sub
1221 2679 1422 2740 regibus
1457 2681 1619 2728 omnis

243 2762 423 2810 Terra:
453 2763 636 2825 premit
660 2763 786 2809 felix
813 2779 988 2825 regum
1027 2766 1316 2816 diademata
1342 2769 1525 2829 Roma;

241 2850 386 2899 Hanc
416 2850 622 2897 ducibus
652 2850 848 2898 frenare
881 2852 1077 2905 datum:
1107 2872 1234 2905 mox
1267 2860 1444 2906 crescit
1472 2860 1531 2906 iu
1561 2859 1673 2907 illos

240 2940 511 3004 Imperium
541 2939 757 3001 Superis.
828 2940 919 2987 sed
948 2941 1137 2990 habent
1170 2953 1223 2992 et
1249 2949 1458 2995 numina
1489 2949 1675 3010 legem:

242 3029 411 3078 Servit
436 3036 488 3075 et
518 3036 764 3077 astrorum
791 3028 948 3079 velox
979 3030 1180 3091 chorus,
1216 3042 1268 3080 et
1300 3051 1430 3096 vaga
1459 3038 1618 3086 servit

2415 411 2482 457 79

2415 889 2483 934 30

2416 1338 2479 1381 35

2418 1788 2486 1833 40

2415 2682 2481 2727 50

330 3241 371 3272 v.
397 3241 451 3272 32.
473 3241 571 3280 Vulg.
595 3247 852 3276 AETERNASQL'E
872 3247 991 3272 mmo
1013 3241 1216 3274 sacrabimus
1236 3250 1376 3275 r‘unms.
1401 3245 1454 3278 33.
1474 3253 1582 3278 sams.
1606 3248 1661 3279 40.
1681 3248 1853 3287 Ignotum:
1881 3254 2008 3282 sulus
2023 3257 2187 3286 -wxmm
2214 3255 2266 3285 5ο.
2287 3260 2472 3289 patirum.
