2892 3840
388 389 487 439 120
1093 396 1594 436 P.PAP1N11
1662 378 1991 439 arn-rin

389 521 523 580 Ergo
559 511 692 580 quod
726 509 980 559 A‘usoniae
1015 515 1159 573 pater
1189 509 1592 570 augustissimus
1609 509 1748 560 urbis

393 606 482 655 Jus
513 604 606 652 tibi
643 600 946 662 tergeminae
980 596 1191 650 dederat
1211 595 1453 657 *laetabile
1487 599 1663 662 prolis,

393 697 556 744 Omen
586 697 707 741 erat.
776 687 919 736 venit
952 684 1102 731 toties
1129 683 1347 742 Lucina,
1375 686 1614 751 piumque

385 758 608 834 ’Intravit‘
627 775 842 840 repetita
876 773 1046 820 larem.
1120 774 1192 821 sic
1225 773 1404 820 fertilis
1436 789 1524 821 oro

393 873 503 920 Stet
538 868 741 920 domus,
779 869 830 909 et
863 861 1009 909 donis
1044 875 1302 926 nunquam
1332 861 1525 910 nudata
1553 859 1774 913 sacratis.

390 961 578 1013 Macte,
612 951 746 1016 quod
781 957 833 997 et
863 951 1029 1014 proles
1059 950 1152 998 tibi
1185 950 1386 1014 saepius
1415 958 1561 999 aucta
1587 955 1724 1002 virili
1758 932 1764 935 ¹

390 1046 610 1095 Robore:
641 1056 694 1088 se
722 1039 902 1102 juveni
934 1038 1120 1086 laetam
1152 1039 1241 1087 dat
1270 1037 1413 1100 virgo
1443 1043 1665 1102 parenti:

390 1135 569 1197 Aptior
597 1130 677 1176 his
710 1129 898 1185 virtus,
930 1129 1075 1175 citius
1111 1127 1252 1175 dabit
1285 1127 1373 1174 illa
1402 1136 1627 1192 nepotes.

392 1222 562 1282 Qualis
596 1218 837 1266 maternis
871 1215 1063 1263 Helene
1087 1217 1196 1278 Jam
1231 1215 1383 1277 digna
1406 1218 1672 1279 palaestris

390 1314 524 1360 Inter
558 1306 859 1368 Amyclaeos
890 1305 1124 1369 reptabat
1151 1304 1365 1352 candida
1398 1305 1603 1355 fratres:

391 1401 484 1447 Vel
521 1397 679 1462 qualis
712 1394 835 1441 caeli
866 1395 1047 1451 facies,
1082 1394 1169 1441 ubi
1201 1401 1348 1441 nocte
1380 1409 1560 1443 serena

393 1475 680 1537 Admonere
707 1483 856 1544 jubar
884 1482 1083 1549 mediae
1116 1482 1215 1529 duo
1242 1482 1410 1531 sidera
1445 1484 1632 1532 Lunae.

393 1578 497 1626 Sed
528 1588 707 1639 queror
735 1572 872 1619 haud
902 1571 1099 1628 faciles,
1124 1572 1372 1633 juvenum
1404 1574 1688 1633 rarissime,
1723 1584 1946 1640 questus,

391 1669 675 1726 Irascorque
707 1663 886 1718 etiam,
922 1667 1164 1723 quantum
1195 1662 1478 1709 irascuntur
1511 1671 1750 1718 amantes.

394 1755 621 1804 Tantane
656 1767 738 1802 me
775 1751 942 1797 decuit
967 1749 1163 1809 vulgari
1195 1749 1377 1810 gaudia
1405 1751 1543 1799 fama

393 1841 643 1893 Noscere'b
676 1853 884 1901 cumque
917 1838 1010 1884 tibi
1045 1838 1243 1898 vagiret
1274 1840 1451 1885 tertius
1483 1841 1669 1899 infans,

392 1932 624 1979 Protinus
653 1929 845 1989 ingenti
876 1942 979 1973 non
1011 1927 1155 1975 venit
1181 1928 1360 1973 nuntia
1394 1943 1541 1976 cursu

388 2020 559 2068 Litera
578 2051 591 2075 ‚
626 2032 752 2081 quae
786 2017 941 2063 festos
972 2015 1224 2062 cumulare
1255 2016 1496 2065 altaribus
1526 2020 1684 2080 ignes,

387 2109 457 2156 Et
489 2107 726 2155 redimire
758 2105 961 2165 chelyn,
989 2110 1257 2167 postesque
1289 2119 1467 2174 ornare
1495 2107 1712 2168 Juberet,

391 2197 683 2259 Albanoque
718 2194 898 2241 cadum
932 2193 1220 2240 sordentem
1255 2209 1485 2256 promere
1521 2197 1678 2256 fumo,

390 2287 459 2333 Et
487 2292 623 2332 creta
656 2285 852 2344 signare
896 2281 1063 2329 diem?
1105 2281 1197 2328 sed
1229 2282 1401 2330 tardus
1435 2286 1668 2350 inersque

391 2374 536 2422 Nunc
572 2373 776 2419 demum
807 2387 923 2418 mea
954 2378 1078 2421 vota
1116 2370 1271 2418 cano'.l
1307 2378 1394 2419 tua
1428 2374 1599 2438 culpa,
1634 2384 1847 2443 tuusque

389 2462 485 2510 Hic
519 2460 695 2524 pudor.
764 2461 973 2507 ulterius
1004 2460 1094 2507 sed
1131 2461 1265 2507 enim
1296 2461 1571 2524 producere
1599 2474 1803 2529 questus

388 2551 504 2599 Non
530 2552 669 2598 licet:
701 2565 765 2597 en
797 2550 970 2597 hilaris
1005 2551 1273 2597 circunstat
1304 2552 1451 2599 turba
1485 2560 1702 2612 tuorum,

327 2619 330 2625 ’
389 2640 731 2702 Defensatque
765 2645 976 2701 patrem.
1044 2653 1193 2701 quem
1237 2619 1339 2685 non
1374 2640 1467 2687 hoc
1503 2645 1702 2703 agmine
1735 2645 1939 2693 vincas?

388 2729 458 2776 Di
485 2728 664 2785 Patrii‚
699 2742 821 2790 quos
851 2727 1070 2786 auguriis
1104 2741 1253 2788 super
1287 2742 1504 2790 aequora
1536 2733 1730 2793 magnis

388 2817 532 2865 Litus
568 2816 635 2863 ad
662 2814 944 2861 Ausonium
981 2813 1192 2863 devexit
1220 2815 1441 2869 Abantia
1474 2818 1670 2880 classis;

393 2906 497 2963 Tu,
534 2904 709 2952 ductor
744 2903 915 2967 populi
948 2903 1092 2964 longe
1133 2905 1449 2965 emigrantis,
1490 2907 1689 2974 Apollo,

391 2993 543 3056 Cujus
576 2993 737 3041 adhuc
771 2992 1027 3042 volucrem
1055 2992 1201 3043 laeva
1233 2997 1424 3046 cervice
1459 2997 1720 3048 sedentem

485 3219 523 3250 V.
551 3221 605 3251 21.
633 3229 794 3252 muns-ra.
843 3223 898 3253 4ο.
924 3230 1050 3255 ch‘ru.
