2892 3840
957 420 1423 460 81LVARUM
1489 410 1662 461 Lis.
1729 410 1765 457 1.

1316 537 1395 584 III.

534 701 807 762 VILLA
848 703 1353 763 TIBURTINA
1405 704 1732 777 MANLJJ
1791 703 2184 764 VOPISCI.

233 949 573 1034 CERNERE
602 981 804 1029 facundi
840 981 997 1029 Tibur
1026 983 1231 1045 glaciale
1263 983 1481 1048 Vopisci,

232 1078 290 1127 Si
317 1078 456 1141 quis,
485 1083 538 1123 et
562 1076 754 1122 inserto
783 1077 1009 1136 geminos
1039 1074 1237 1123 Aniene
1268 1086 1497 1140 penates,

230 1167 336 1216 Aut
367 1166 533 1230 potuit
564 1166 729 1212 sociae
765 1164 1064 1212 commercia
1093 1179 1300 1213 noscere
1330 1168 1490 1230 ripae,

233 1254 593 1319 certantesque
626 1254 724 1302 sibi
752 1253 1014 1302 dominum
1042 1254 1316 1303 defendere
1349 1257 1521 1315 villas3

228 1346 374 1394 Illum
404 1339 497 1392 nec
530 1344 691 1393 calido
725 1344 931 1394 latravit
961 1344 1120 1392 Sirius
1154 1354 1307 1406 astro,

231 1436 336 1486 Nec
369 1436 537 1499 gravis
574 1435 777 1499 aspexit
812 1433 1031 1483 Nemees
1064 1435 1346 1484 fiondentis
1378 1437 1631 1487 alumnus:

234 1526 371 1574 Talis
406 1525 569 1572 hiems
603 1525 774 1582 tectis,
807 1524 1044 1586 frangunt
1070 1527 1142 1573 sic
1168 1527 1400 1592 improba
1433 1527 1592 1574 solem

230 1615 465 1678 Frigora,
493 1614 768 1678 Pisaeoque
806 1613 986 1663 domus
1022 1629 1126 1663 non
1162 1625 1361 1665 aestuat
1395 1632 1541 1664 anno.

230 1705 353 1754 Visa
382 1720 538 1753 manu
567 1712 742 1753 tenera
770 1711 957 1752 tectum
990 1707 1249 1771 scripsisse
1283 1706 1551 1772 Voluptas;

233 1795 374 1845 Tunc
410 1795 576 1843 Venus
607 1795 777 1843 Idaliis
806 1797 958 1843 unxit
991 1795 1194 1859 fastigia
1229 1798 1404 1856 succiS,

231 1886 595 1951 Permulsitque
627 1887 808 1943 comis,
841 1884 1180 1950 blandumque
1210 1888 1414 1950 reliquit
1441 1888 1684 1935 honorem

233 1976 475 2034 Sedibus,
511 1983 563 2023 et
590 1976 819 2025 volucres
853 1976 1020 2023 vetuit
1047 1975 1304 2024 discedere
1335 1985 1495 2024 natos.

235 2065 277 2113 O
310 2066 514 2128 longum
541 2064 870 2113 memoranda
900 2064 1032 2113 dies!
1069 2079 1196 2129 quae
1227 2074 1397 2113 mente
1431 2074 1634 2132 reporto

236 2153 453 2201 Gaudia!
487 2170 636 2219 quam
665 2157 825 2204 lassos
855 2171 945 2220 per
975 2162 1052 2202 tot
1084 2156 1326 2203 miracula
1357 2157 1523 2204 visus!

233 2242 493 2304 Ingenium
526 2258 676 2307 quam
707 2246 830 2292 mite
862 2245 993 2292 solo!
1030 2259 1156 2308 quae
1189 2246 1353 2294 forma
1386 2246 1548 2294 beatis

232 2330 357 2380 Arte
386 2346 564 2379 manus
596 2348 830 2381 concessa
856 2334 1008 2380 locis!
1040 2348 1143 2380 non
1171 2335 1356 2396 largius
1385 2351 1597 2401 usquam

231 2421 445 2470 Indulsit
473 2420 665 2469 Natura
694 2423 804 2470 sibi.
875 2437 1083 2470 nemora
1109 2424 1212 2470 alta
1241 2425 1406 2472 citatis

230 2510 504 2559 Incubuere
539 2510 710 2571 vadis3
740 2512 901 2560 fallax
932 2521 1198 2576 responsat
1220 2515 1387 2575 imago

232 2599 543 2659 Frondibus,
578 2608 630 2648 et
656 2601 829 2663 longas
866 2602 1043 2651 eadem
1080 2603 1208 2665 fugit
1243 2603 1380 2651 unda
1412 2618 1502 2667 per
1533 2604 1750 2653 umbras.

233 2689 345 2753 Ipse
379 2689 546 2737 Anien
577 2690 827 2756 (miranda
861 2692 1006 2756 fides)
1040 2693 1294 2758 infraque,
1330 2709 1577 2759 superque

237 2777 435 2825 Saxeus
453 2811 467 2835 ‚
499 2779 581 2826 hic
614 2781 861 2831 tumidam
887 2783 1107 2841 rabiem,
1140 2799 1475 2848 spumosaque
1503 2786 1647 2850 ponit

235 2866 519 2924 Murmura,
553 2883 644 2915 ceu
670 2870 854 2932 placidi
888 2874 1080 2922 veritus
1111 2874 1312 2921 turbare
1342 2874 1545 2938 Vopisci

235 2956 524 3020 Pieriosque
555 2956 692 3016 dies,
723 2965 775 3004 et
808 2959 1051 3009 habentes
1087 2965 1308 3010 carmina
1341 2979 1558 3011 somnos.

236 3045 378 3094 Litus
407 3054 674 3112 utrumque
704 3047 862 3096 domi:
894 3063 986 3098 nec
1020 3058 1070 3097 te
1101 3052 1400 3100 mitissimus
1430 3053 1592 3100 amnis

326 3259 367 3289 V.
388 3261 418 3290 8.
446 3260 542 3300 Vulg.
561 3260 730 3292 msam.
752 3268 884 3294 Axxcn.
932 3263 964 3293 9.
988 3268 1079 3294 IPSA.
1130 3266 1183 3295 11.
1207 3270 1333 3296 emus.
1383 3265 1437 3295 19.
1460 3271 1584 3297 mmm
1610 3273 1671 3305 per
1695 3273 1821 3299 vxms.

1631 3321 1670 3372 C

1869 3268 1923 3300 23.
1949 3273 2120 3299 Λνεκτεε.

2416 414 2480 463 17

2421 1803 2485 1848 10

2419 2696 2487 2741 20
