<?xml version="1.0" encoding="UTF-8"?>
<!DOCTYPE html PUBLIC "-//W3C//DTD XHTML 1.0 Transitional//EN"
    "http://www.w3.org/TR/xhtml1/DTD/xhtml1-transitional.dtd">
<html xmlns="http://www.w3.org/1999/xhtml" xml:lang="en" lang="en">
 <head>
  <title>
</title>
<meta http-equiv="Content-Type" content="text/html;charset=utf-8" />
  <meta name='ocr-system' content='tesseract 3.04.00' />
  <meta name='ocr-capabilities' content='ocr_page ocr_carea ocr_par ocr_line ocrx_word'/>
</head>
<body>
  <div class='ocr_page' id='page_1' title='image "./ppapiniistatiili00statuoft_0077.png"; bbox 0 0 2892 3840; ppageno 0'>
   <div class='ocr_carea' id='block_1_1' title="bbox 0 0 274 400">
    <p class='ocr_par' dir='ltr' id='par_1_1' title="bbox 0 0 274 400">
     <span class='ocr_line' id='line_1_1' title="bbox 0 0 274 400; baseline 0 3440"><span class='ocrx_word' id='word_1_1' title='bbox 0 0 274 400; x_wconf 95' lang='lat' dir='ltr'><strong> </strong></span> 
     </span>
    </p>
   </div>
   <div class='ocr_carea' id='block_1_2' title="bbox 0 404 2415 515">
    <p class='ocr_par' dir='ltr' id='par_1_2' title="bbox 0 393 2415 515">
     <span class='ocr_line' id='line_1_2' title="bbox 0 404 2415 515; baseline 0.003 -44"><span class='ocrx_word' id='word_1_2' title='bbox 0 410 37 515; x_wconf 50' lang='grc' dir='ltr'>ἒ</span> <span class='ocrx_word' id='word_1_3' title='bbox 896 404 1360 479; x_wconf 51' lang='grc' dir='ltr'><strong>ειινᾏιιυιιι</strong></span> <span class='ocrx_word' id='word_1_4' title='bbox 1426 426 1594 475; x_wconf 79' lang='lat' dir='ltr'><strong>LIB.</strong></span> <span class='ocrx_word' id='word_1_5' title='bbox 1660 426 1716 474; x_wconf 88' lang='grc' dir='ltr'><strong>Π.</strong></span> <span class='ocrx_word' id='word_1_6' title='bbox 2351 431 2415 480; x_wconf 82' lang='grc'><strong>41</strong></span> 
     </span>
    </p>
   </div>
   <div class='ocr_carea' id='block_1_3' title="bbox 145 550 2438 3110">
    <p class='ocr_par' dir='ltr' id='par_1_3' title="bbox 145 550 2438 3110">
     <span class='ocr_line' id='line_1_3' title="bbox 178 550 1643 620; baseline -0.005 -14"><span class='ocrx_word' id='word_1_7' title='bbox 178 556 343 620; x_wconf 84' lang='lat' dir='ltr'><strong>Atque</strong></span> <span class='ocrx_word' id='word_1_8' title='bbox 374 569 552 617; x_wconf 90' lang='lat' dir='ltr'><strong>rogum</strong></span> <span class='ocrx_word' id='word_1_9' title='bbox 580 556 760 617; x_wconf 84' lang='lat' dir='ltr'><strong>juxta,</strong></span> <span class='ocrx_word' id='word_1_10' title='bbox 790 554 970 603; x_wconf 81' lang='lat' dir='ltr'>Melior</span> <span class='ocrx_word' id='word_1_11' title='bbox 997 553 1339 618; x_wconf 84' lang='lat' dir='ltr'><strong>placidissime</strong></span> <span class='ocrx_word' id='word_1_12' title='bbox 1374 550 1643 616; x_wconf 91' lang='lat' dir='ltr'><strong>quondam,</strong></span> 
     </span>
     <span class='ocr_line' id='line_1_4' title="bbox 178 641 1438 706; baseline -0.006 -11"><span class='ocrx_word' id='word_1_13' title='bbox 178 645 432 695; x_wconf 77' lang='lat' dir='ltr'><strong>Extimui!</strong></span> <span class='ocrx_word' id='word_1_14' title='bbox 467 652 588 691; x_wconf 87' lang='lat' dir='ltr'><strong>tune</strong></span> <span class='ocrx_word' id='word_1_15' title='bbox 612 643 696 690; x_wconf 92' lang='lat' dir='ltr'><strong>ille</strong></span> <span class='ocrx_word' id='word_1_16' title='bbox 726 643 925 701; x_wconf 88' lang='lat' dir='ltr'><strong>hilaris,</strong></span> <span class='ocrx_word' id='word_1_17' title='bbox 956 643 1207 706; x_wconf 90' lang='lat' dir='ltr'><strong>comisque</strong></span> <span class='ocrx_word' id='word_1_18' title='bbox 1240 641 1438 691; x_wconf 63' lang='lat' dir='ltr'><strong>videri?</strong></span> 
     </span>
     <span class='ocr_line' id='line_1_5' title="bbox 180 729 1688 796; baseline -0.005 -12"><span class='ocrx_word' id='word_1_19' title='bbox 180 734 325 784; x_wconf 83' lang='lat' dir='ltr'>Unde</span> <span class='ocrx_word' id='word_1_20' title='bbox 356 735 540 791; x_wconf 90' lang='lat' dir='ltr'><strong>animi,</strong></span> <span class='ocrx_word' id='word_1_21' title='bbox 571 747 851 796; x_wconf 88' lang='lat' dir='ltr'><strong>saevaeque</strong></span> <span class='ocrx_word' id='word_1_22' title='bbox 879 746 1086 790; x_wconf 79' lang='lat' dir='ltr'><strong>manuS‚</strong></span> <span class='ocrx_word' id='word_1_23' title='bbox 1123 739 1175 779; x_wconf 93' lang='lat' dir='ltr'><strong>et</strong></span> <span class='ocrx_word' id='word_1_24' title='bbox 1203 731 1445 779; x_wconf 90' lang='lat' dir='ltr'><strong>barbarus</strong></span> <span class='ocrx_word' id='word_1_25' title='bbox 1480 729 1688 777; x_wconf 65' lang='lat' dir='ltr'><strong>horror?</strong></span> 
     </span>
     <span class='ocr_line' id='line_1_6' title="bbox 182 822 2425 884; baseline -0.004 -12"><span class='ocrx_word' id='word_1_26' title='bbox 182 825 261 873; x_wconf 93' lang='lat' dir='ltr'><strong>Tu</strong></span> <span class='ocrx_word' id='word_1_27' title='bbox 293 823 447 872; x_wconf 90' lang='lat' dir='ltr'><strong>modo</strong></span> <span class='ocrx_word' id='word_1_28' title='bbox 477 824 618 871; x_wconf 89' lang='lat' dir='ltr'><strong>fusus</strong></span> <span class='ocrx_word' id='word_1_29' title='bbox 655 822 823 880; x_wconf 90' lang='lat' dir='ltr'><strong>humi,</strong></span> <span class='ocrx_word' id='word_1_30' title='bbox 855 823 1017 870; x_wconf 93' lang='lat' dir='ltr'><strong>lucem</strong></span> <span class='ocrx_word' id='word_1_31' title='bbox 1052 822 1302 871; x_wconf 90' lang='lat' dir='ltr'><strong>aversaris</strong></span> <span class='ocrx_word' id='word_1_32' title='bbox 1341 822 1589 884; x_wconf 89' lang='lat' dir='ltr'><strong>iniquam:</strong></span> <span class='ocrx_word' id='word_1_33' title='bbox 2327 827 2425 872; x_wconf 84' lang='lat'><strong>170</strong></span> 
     </span>
     <span class='ocr_line' id='line_1_7' title="bbox 181 911 1539 977; baseline -0.005 -14"><span class='ocrx_word' id='word_1_34' title='bbox 181 914 326 963; x_wconf 87' lang='lat' dir='ltr'><strong>Nunc</strong></span> <span class='ocrx_word' id='word_1_35' title='bbox 356 922 557 970; x_wconf 85' lang='lat' dir='ltr'><strong>torvus,</strong></span> <span class='ocrx_word' id='word_1_36' title='bbox 588 913 776 977; x_wconf 87' lang='lat' dir='ltr'><strong>pariter</strong></span> <span class='ocrx_word' id='word_1_37' title='bbox 792 919 979 961; x_wconf 83' lang='lat' dir='ltr'><strong>‘vestes</strong></span> <span class='ocrx_word' id='word_1_38' title='bbox 1022 918 1074 957; x_wconf 91' lang='lat' dir='ltr'><strong>et</strong></span> <span class='ocrx_word' id='word_1_39' title='bbox 1102 918 1306 973; x_wconf 91' lang='lat' dir='ltr'><strong>pectora</strong></span> <span class='ocrx_word' id='word_1_40' title='bbox 1330 911 1539 973; x_wconf 88' lang='lat' dir='ltr'><strong>rumpis,</strong></span> 
     </span>
     <span class='ocr_line' id='line_1_8' title="bbox 181 999 1378 1069; baseline -0.003 -20"><span class='ocrx_word' id='word_1_41' title='bbox 181 1002 503 1069; x_wconf 88' lang='lat' dir='ltr'><strong>Dilectosque</strong></span> <span class='ocrx_word' id='word_1_42' title='bbox 536 1002 724 1064; x_wconf 87' lang='lat' dir='ltr'><strong>premis</strong></span> <span class='ocrx_word' id='word_1_43' title='bbox 757 1002 925 1057; x_wconf 81' lang='lat' dir='ltr'><strong>visus,</strong></span> <span class='ocrx_word' id='word_1_44' title='bbox 962 1007 1014 1046; x_wconf 91' lang='lat' dir='ltr'><strong>et</strong></span> <span class='ocrx_word' id='word_1_45' title='bbox 1041 999 1224 1059; x_wconf 90' lang='lat' dir='ltr'><strong>frigida</strong></span> <span class='ocrx_word' id='word_1_46' title='bbox 1251 999 1378 1046; x_wconf 84' lang='lat' dir='ltr'><strong>libas</strong></span> 
     </span>
     <span class='ocr_line' id='line_1_9' title="bbox 184 1088 1506 1149; baseline -0.005 -11"><span class='ocrx_word' id='word_1_47' title='bbox 184 1090 377 1138; x_wconf 83' lang='lat' dir='ltr'><strong>Oscula.</strong></span> <span class='ocrx_word' id='word_1_48' title='bbox 449 1097 593 1136; x_wconf 91' lang='lat' dir='ltr'><strong>erant</strong></span> <span class='ocrx_word' id='word_1_49' title='bbox 619 1089 720 1135; x_wconf 90' lang='lat' dir='ltr'><strong>illic</strong></span> <span class='ocrx_word' id='word_1_50' title='bbox 751 1090 971 1149; x_wconf 90' lang='lat' dir='ltr'><strong>genitor,</strong></span> <span class='ocrx_word' id='word_1_51' title='bbox 1003 1095 1262 1149; x_wconf 87' lang='lat' dir='ltr'><strong>materque</strong></span> <span class='ocrx_word' id='word_1_52' title='bbox 1290 1088 1506 1147; x_wconf 87' lang='lat' dir='ltr'><strong>jacentis</strong></span> 
     </span>
     <span class='ocr_line' id='line_1_10' title="bbox 182 1177 1429 1240; baseline -0.005 -14"><span class='ocrx_word' id='word_1_53' title='bbox 182 1179 399 1236; x_wconf 87' lang='lat' dir='ltr'><strong>Moesta3</strong></span> <span class='ocrx_word' id='word_1_54' title='bbox 430 1177 522 1224; x_wconf 90' lang='lat' dir='ltr'><strong>sed</strong></span> <span class='ocrx_word' id='word_1_55' title='bbox 550 1177 753 1224; x_wconf 83' lang='lat' dir='ltr'><strong>attoniti</strong></span> <span class='ocrx_word' id='word_1_56' title='bbox 779 1184 830 1222; x_wconf 91' lang='lat' dir='ltr'><strong>te</strong></span> <span class='ocrx_word' id='word_1_57' title='bbox 859 1183 1150 1240; x_wconf 88' lang='lat' dir='ltr'><strong>spectavere</strong></span> <span class='ocrx_word' id='word_1_58' title='bbox 1180 1182 1429 1238; x_wconf 89' lang='lat' dir='ltr'><strong>parentes.</strong></span> 
     </span>
     <span class='ocr_line' id='line_1_11' title="bbox 184 1263 2427 1328; baseline -0.004 -14"><span class='ocrx_word' id='word_1_59' title='bbox 184 1266 315 1326; x_wconf 83' lang='lat' dir='ltr'><strong>Quid</strong></span> <span class='ocrx_word' id='word_1_60' title='bbox 344 1266 563 1314; x_wconf 81' lang='lat' dir='ltr'><strong>mirqu</strong></span> <span class='ocrx_word' id='word_1_61' title='bbox 591 1263 734 1328; x_wconf 87' lang='lat' dir='ltr'><strong>plebs</strong></span> <span class='ocrx_word' id='word_1_62' title='bbox 764 1272 940 1312; x_wconf 91' lang='lat' dir='ltr'><strong>cuncta</strong></span> <span class='ocrx_word' id='word_1_63' title='bbox 967 1265 1138 1322; x_wconf 88' lang='lat' dir='ltr'><strong>nefas,</strong></span> <span class='ocrx_word' id='word_1_64' title='bbox 1171 1271 1223 1310; x_wconf 93' lang='lat' dir='ltr'><strong>et</strong></span> <span class='ocrx_word' id='word_1_65' title='bbox 1247 1263 1457 1328; x_wconf 81' lang='lat' dir='ltr'><strong>praevia</strong></span> <span class='ocrx_word' id='word_1_66' title='bbox 1485 1263 1666 1310; x_wconf 89' lang='lat' dir='ltr'><strong>flerunt</strong></span> <span class='ocrx_word' id='word_1_67' title='bbox 2333 1275 2427 1318; x_wconf 88' lang='lat'><strong>175</strong></span> 
     </span>
     <span class='ocr_line' id='line_1_12' title="bbox 182 1354 1489 1419; baseline -0.003 -16"><span class='ocrx_word' id='word_1_68' title='bbox 182 1355 423 1417; x_wconf 84' lang='lat' dir='ltr'><strong>Agmina,</strong></span> <span class='ocrx_word' id='word_1_69' title='bbox 455 1355 705 1402; x_wconf 85' lang='lat' dir='ltr'><strong>Flaminio</strong></span> <span class='ocrx_word' id='word_1_70' title='bbox 734 1369 861 1419; x_wconf 89' lang='lat' dir='ltr'><strong>quae</strong></span> <span class='ocrx_word' id='word_1_71' title='bbox 890 1354 1050 1401; x_wconf 90' lang='lat' dir='ltr'><strong>limite</strong></span> <span class='ocrx_word' id='word_1_72' title='bbox 1082 1354 1303 1402; x_wconf 82' lang='lat' dir='ltr'><strong>Mulvius</strong></span> <span class='ocrx_word' id='word_1_73' title='bbox 1340 1368 1489 1414; x_wconf 83' lang='lat' dir='ltr'><strong>agger</strong></span> 
     </span>
     <span class='ocr_line' id='line_1_13' title="bbox 186 1441 1681 1501; baseline -0.003 -10"><span class='ocrx_word' id='word_1_74' title='bbox 186 1444 513 1501; x_wconf 81' lang='lat' dir='ltr'><strong>Transvehit,</strong></span> <span class='ocrx_word' id='word_1_75' title='bbox 546 1445 827 1491; x_wconf 86' lang='lat' dir='ltr'><strong>immeritus</strong></span> <span class='ocrx_word' id='word_1_76' title='bbox 861 1444 1076 1490; x_wconf 89' lang='lat' dir='ltr'><strong>flammis</strong></span> <span class='ocrx_word' id='word_1_77' title='bbox 1108 1443 1229 1489; x_wconf 90' lang='lat' dir='ltr'><strong>dum</strong></span> <span class='ocrx_word' id='word_1_78' title='bbox 1258 1441 1485 1488; x_wconf 88' lang='lat' dir='ltr'><strong>tristibus</strong></span> <span class='ocrx_word' id='word_1_79' title='bbox 1514 1442 1681 1488; x_wconf 77' lang='lat' dir='ltr'><strong>infans</strong></span> 
     </span>
     <span class='ocr_line' id='line_1_14' title="bbox 187 1532 1630 1592; baseline -0.005 -11"><span class='ocrx_word' id='word_1_80' title='bbox 187 1532 448 1588; x_wconf 83' lang='lat' dir='ltr'><strong>Traditur,</strong></span> <span class='ocrx_word' id='word_1_81' title='bbox 481 1539 532 1576; x_wconf 89' lang='lat' dir='ltr'><strong>et</strong></span> <span class='ocrx_word' id='word_1_82' title='bbox 564 1534 806 1591; x_wconf 83' lang='lat' dir='ltr'><strong>gemitum</strong></span> <span class='ocrx_word' id='word_1_83' title='bbox 840 1532 1099 1592; x_wconf 90' lang='lat' dir='ltr'><strong>formaque</strong></span> <span class='ocrx_word' id='word_1_84' title='bbox 1135 1543 1360 1591; x_wconf 82' lang='lat' dir='ltr'><strong>aevoque</strong></span> <span class='ocrx_word' id='word_1_85' title='bbox 1394 1537 1630 1576; x_wconf 88' lang='lat' dir='ltr'><strong>meretur.</strong></span> 
     </span>
     <span class='ocr_line' id='line_1_15' title="bbox 145 1618 1538 1682; baseline -0.006 -12"><span class='ocrx_word' id='word_1_86' title='bbox 145 1654 148 1655; x_wconf 26' lang='grc' dir='ltr'><em>ν</em></span> <span class='ocrx_word' id='word_1_87' title='bbox 187 1622 322 1670; x_wconf 89' lang='lat' dir='ltr'><strong>Talis</strong></span> <span class='ocrx_word' id='word_1_88' title='bbox 348 1622 404 1667; x_wconf 91' lang='lat' dir='ltr'><strong>in</strong></span> <span class='ocrx_word' id='word_1_89' title='bbox 435 1618 727 1667; x_wconf 86' lang='lat' dir='ltr'><strong>Isthmiacos</strong></span> <span class='ocrx_word' id='word_1_90' title='bbox 759 1619 984 1682; x_wconf 88' lang='lat' dir='ltr'><strong>prolatus</strong></span> <span class='ocrx_word' id='word_1_91' title='bbox 1021 1618 1083 1665; x_wconf 90' lang='lat' dir='ltr'><strong>ab</strong></span> <span class='ocrx_word' id='word_1_92' title='bbox 1119 1631 1334 1680; x_wconf 91' lang='lat' dir='ltr'><strong>aequore</strong></span> <span class='ocrx_word' id='word_1_93' title='bbox 1363 1624 1538 1680; x_wconf 90' lang='lat' dir='ltr'><strong>portus</strong></span> 
     </span>
     <span class='ocr_line' id='line_1_16' title="bbox 185 1705 2436 1772; baseline -0.006 -12"><span class='ocrx_word' id='word_1_94' title='bbox 185 1710 466 1772; x_wconf 88' lang='lat' dir='ltr'><strong>Naufragus</strong></span> <span class='ocrx_word' id='word_1_95' title='bbox 500 1709 739 1771; x_wconf 89' lang='lat' dir='ltr'><strong>imposita</strong></span> <span class='ocrx_word' id='word_1_96' title='bbox 762 1708 923 1770; x_wconf 88' lang='lat' dir='ltr'><strong>jacuit</strong></span> <span class='ocrx_word' id='word_1_97' title='bbox 956 1707 1047 1755; x_wconf 89' lang='lat' dir='ltr'><strong>sub</strong></span> <span class='ocrx_word' id='word_1_98' title='bbox 1077 1713 1239 1753; x_wconf 90' lang='lat' dir='ltr'><strong>matre</strong></span> <span class='ocrx_word' id='word_1_99' title='bbox 1269 1705 1564 1753; x_wconf 87' lang='lat' dir='ltr'><strong>Palaemon:</strong></span> <span class='ocrx_word' id='word_1_100' title='bbox 2339 1719 2436 1765; x_wconf 77' lang='lat'><strong>180</strong></span> 
     </span>
     <span class='ocr_line' id='line_1_17' title="bbox 187 1794 1543 1859; baseline -0.005 -11"><span class='ocrx_word' id='word_1_101' title='bbox 187 1800 270 1849; x_wconf 85' lang='lat' dir='ltr'><strong>Sic</strong></span> <span class='ocrx_word' id='word_1_102' title='bbox 303 1807 355 1847; x_wconf 90' lang='lat' dir='ltr'><strong>et</strong></span> <span class='ocrx_word' id='word_1_103' title='bbox 381 1800 437 1846; x_wconf 92' lang='lat' dir='ltr'><strong>in</strong></span> <span class='ocrx_word' id='word_1_104' title='bbox 470 1797 758 1859; x_wconf 88' lang='lat' dir='ltr'><strong>anguiferae</strong></span> <span class='ocrx_word' id='word_1_105' title='bbox 791 1797 1049 1844; x_wconf 88' lang='lat' dir='ltr'><strong>ludentem</strong></span> <span class='ocrx_word' id='word_1_106' title='bbox 1084 1796 1308 1858; x_wconf 90' lang='lat' dir='ltr'><strong>gramine</strong></span> <span class='ocrx_word' id='word_1_107' title='bbox 1346 1794 1543 1842; x_wconf 89' lang='lat' dir='ltr'><strong>Lernae</strong></span> 
     </span>
     <span class='ocr_line' id='line_1_18' title="bbox 187 1883 1654 1950; baseline -0.005 -14"><span class='ocrx_word' id='word_1_108' title='bbox 187 1889 472 1937; x_wconf 89' lang='lat' dir='ltr'><strong>Praecisum</strong></span> <span class='ocrx_word' id='word_1_109' title='bbox 506 1887 779 1950; x_wconf 88' lang='lat' dir='ltr'><strong>squammis</strong></span> <span class='ocrx_word' id='word_1_110' title='bbox 808 1885 1013 1933; x_wconf 90' lang='lat' dir='ltr'><strong>rabidus</strong></span> <span class='ocrx_word' id='word_1_111' title='bbox 1049 1886 1164 1932; x_wconf 91' lang='lat' dir='ltr'><strong>tulit</strong></span> <span class='ocrx_word' id='word_1_112' title='bbox 1193 1885 1368 1945; x_wconf 89' lang='lat' dir='ltr'><strong>anguis</strong></span> <span class='ocrx_word' id='word_1_113' title='bbox 1394 1883 1654 1949; x_wconf 86' lang='lat' dir='ltr'><strong>Ophelten.</strong></span> 
     </span>
     <span class='ocr_line' id='line_1_19' title="bbox 188 1974 1395 2039; baseline -0.004 -14"><span class='ocrx_word' id='word_1_114' title='bbox 188 1978 323 2025; x_wconf 84' lang='lat' dir='ltr'><strong>Pone</strong></span> <span class='ocrx_word' id='word_1_115' title='bbox 357 1985 548 2034; x_wconf 89' lang='lat' dir='ltr'><strong>metus,</strong></span> <span class='ocrx_word' id='word_1_116' title='bbox 578 1975 764 2039; x_wconf 91' lang='lat' dir='ltr'><strong>letique</strong></span> <span class='ocrx_word' id='word_1_117' title='bbox 793 1977 957 2023; x_wconf 91' lang='lat' dir='ltr'><strong>minas</strong></span> <span class='ocrx_word' id='word_1_118' title='bbox 990 1975 1177 2023; x_wconf 85' lang='lat' dir='ltr'><strong>desiste</strong></span> <span class='ocrx_word' id='word_1_119' title='bbox 1205 1974 1395 2023; x_wconf 77' lang='lat' dir='ltr'><strong>vereri:</strong></span> 
     </span>
     <span class='ocr_line' id='line_1_20' title="bbox 189 2063 1273 2122; baseline -0.002 -10"><span class='ocrx_word' id='word_1_120' title='bbox 189 2066 332 2113; x_wconf 82' lang='lat' dir='ltr'><strong>[llum</strong></span> <span class='ocrx_word' id='word_1_121' title='bbox 366 2082 460 2114; x_wconf 92' lang='lat' dir='ltr'><strong>nec</strong></span> <span class='ocrx_word' id='word_1_122' title='bbox 491 2073 634 2113; x_wconf 90' lang='lat' dir='ltr'><strong>terno</strong></span> <span class='ocrx_word' id='word_1_123' title='bbox 664 2065 867 2113; x_wconf 86' lang='lat' dir='ltr'><strong>latrabit</strong></span> <span class='ocrx_word' id='word_1_124' title='bbox 895 2063 1139 2113; x_wconf 87' lang='lat' dir='ltr'><strong>Cerberus</strong></span> <span class='ocrx_word' id='word_1_125' title='bbox 1170 2079 1273 2122; x_wconf 89' lang='lat' dir='ltr'><strong>ore,</strong></span> 
     </span>
     <span class='ocr_line' id='line_1_21' title="bbox 190 2153 2433 2216; baseline -0.001 -13"><span class='ocrx_word' id='word_1_126' title='bbox 190 2154 339 2203; x_wconf 88' lang='lat' dir='ltr'><strong>Nulla</strong></span> <span class='ocrx_word' id='word_1_127' title='bbox 372 2170 511 2202; x_wconf 89' lang='lat' dir='ltr'><strong>soror</strong></span> <span class='ocrx_word' id='word_1_128' title='bbox 541 2156 780 2212; x_wconf 88' lang='lat' dir='ltr'><strong>flammis,</strong></span> <span class='ocrx_word' id='word_1_129' title='bbox 807 2156 945 2203; x_wconf 91' lang='lat' dir='ltr'><strong>nulla</strong></span> <span class='ocrx_word' id='word_1_130' title='bbox 972 2154 1345 2216; x_wconf 89' lang='lat' dir='ltr'><strong>assurgentibus</strong></span> <span class='ocrx_word' id='word_1_131' title='bbox 1374 2153 1551 2215; x_wconf 89' lang='lat' dir='ltr'><strong>hydris</strong></span> <span class='ocrx_word' id='word_1_132' title='bbox 1758 2157 1762 2163; x_wconf 85' lang='lat'>&#39;</span> <span class='ocrx_word' id='word_1_133' title='bbox 2306 2172 2308 2175; x_wconf 59' lang='grc'>’</span> <span class='ocrx_word' id='word_1_134' title='bbox 2339 2166 2433 2213; x_wconf 79' lang='lat'><strong>185</strong></span> 
     </span>
     <span class='ocr_line' id='line_1_22' title="bbox 192 2243 1603 2307; baseline 0 -16"><span class='ocrx_word' id='word_1_135' title='bbox 192 2243 436 2291; x_wconf 84' lang='lat' dir='ltr'><strong>Terrebit.</strong></span> <span class='ocrx_word' id='word_1_136' title='bbox 507 2245 628 2306; x_wconf 92' lang='lat' dir='ltr'><strong>quin</strong></span> <span class='ocrx_word' id='word_1_137' title='bbox 659 2245 768 2307; x_wconf 90' lang='lat' dir='ltr'><strong>ipse</strong></span> <span class='ocrx_word' id='word_1_138' title='bbox 803 2245 984 2294; x_wconf 75' lang='lat' dir='ltr'><strong>avidae</strong></span> <span class='ocrx_word' id='word_1_139' title='bbox 1023 2252 1147 2292; x_wconf 82' lang='lat' dir='ltr'><strong>trux</strong></span> <span class='ocrx_word' id='word_1_140' title='bbox 1180 2245 1357 2293; x_wconf 83' lang='lat' dir='ltr'><strong>navita</strong></span> <span class='ocrx_word' id='word_1_141' title='bbox 1393 2244 1603 2304; x_wconf 85' lang='lat' dir='ltr'><strong>cymbae</strong></span> 
     </span>
     <span class='ocr_line' id='line_1_23' title="bbox 190 2333 1347 2396; baseline 0 -16"><span class='ocrx_word' id='word_1_142' title='bbox 190 2334 405 2381; x_wconf 90' lang='lat' dir='ltr'><strong>Interius</strong></span> <span class='ocrx_word' id='word_1_143' title='bbox 438 2333 632 2380; x_wconf 88' lang='lat' dir='ltr'><strong>steriles</strong></span> <span class='ocrx_word' id='word_1_144' title='bbox 665 2334 827 2396; x_wconf 87' lang='lat' dir='ltr'><strong>ripas,</strong></span> <span class='ocrx_word' id='word_1_145' title='bbox 858 2341 910 2379; x_wconf 89' lang='lat' dir='ltr'><strong>et</strong></span> <span class='ocrx_word' id='word_1_146' title='bbox 943 2334 1124 2380; x_wconf 90' lang='lat' dir='ltr'><strong>adusta</strong></span> <span class='ocrx_word' id='word_1_147' title='bbox 1158 2333 1347 2380; x_wconf 88' lang='lat' dir='ltr'><strong>subibit</strong></span> 
     </span>
     <span class='ocr_line' id='line_1_24' title="bbox 191 2421 1401 2485; baseline 0.001 -16"><span class='ocrx_word' id='word_1_148' title='bbox 191 2422 390 2479; x_wconf 90' lang='lat' dir='ltr'><strong>Litora,</strong></span> <span class='ocrx_word' id='word_1_149' title='bbox 423 2437 488 2468; x_wconf 91' lang='lat' dir='ltr'><strong>ne</strong></span> <span class='ocrx_word' id='word_1_150' title='bbox 518 2436 674 2485; x_wconf 92' lang='lat' dir='ltr'><strong>puero</strong></span> <span class='ocrx_word' id='word_1_151' title='bbox 705 2421 832 2469; x_wconf 89' lang='lat' dir='ltr'><strong>dura</strong></span> <span class='ocrx_word' id='word_1_152' title='bbox 860 2422 1144 2470; x_wconf 89' lang='lat' dir='ltr'><strong>ascendisse</strong></span> <span class='ocrx_word' id='word_1_153' title='bbox 1175 2423 1401 2470; x_wconf 87' lang='lat' dir='ltr'><strong>facultas.</strong></span> 
     </span>
     <span class='ocr_line' id='line_1_25' title="bbox 194 2509 1378 2574; baseline -0.001 -15"><span class='ocrx_word' id='word_1_154' title='bbox 194 2510 328 2572; x_wconf 78' lang='lat' dir='ltr'><strong>Quid</strong></span> <span class='ocrx_word' id='word_1_155' title='bbox 354 2511 480 2559; x_wconf 90' lang='lat' dir='ltr'><strong>mihi</strong></span> <span class='ocrx_word' id='word_1_156' title='bbox 518 2509 755 2572; x_wconf 88' lang='lat' dir='ltr'><strong>gaudenti</strong></span> <span class='ocrx_word' id='word_1_157' title='bbox 780 2511 947 2574; x_wconf 89' lang='lat' dir='ltr'><strong>proles</strong></span> <span class='ocrx_word' id='word_1_158' title='bbox 980 2509 1209 2571; x_wconf 87' lang='lat' dir='ltr'><strong>Cyllenia</strong></span> <span class='ocrx_word' id='word_1_159' title='bbox 1235 2513 1378 2572; x_wconf 82' lang='lat' dir='ltr'><strong>virga</strong></span> 
     </span>
     <span class='ocr_line' id='line_1_26' title="bbox 194 2599 2438 2662; baseline -0 -14"><span class='ocrx_word' id='word_1_160' title='bbox 194 2599 436 2648; x_wconf 59' lang='lat' dir='ltr'><strong>Nuntiat?</strong></span> <span class='ocrx_word' id='word_1_161' title='bbox 469 2608 609 2647; x_wconf 87' lang='lat' dir='ltr'><strong>estne</strong></span> <span class='ocrx_word' id='word_1_162' title='bbox 645 2600 834 2662; x_wconf 90' lang='lat' dir='ltr'><strong>aliquid</strong></span> <span class='ocrx_word' id='word_1_163' title='bbox 862 2607 967 2647; x_wconf 89' lang='lat' dir='ltr'><strong>tam</strong></span> <span class='ocrx_word' id='word_1_164' title='bbox 1002 2614 1156 2647; x_wconf 78' lang='lat' dir='ltr'><strong>saevo</strong></span> <span class='ocrx_word' id='word_1_165' title='bbox 1181 2600 1237 2645; x_wconf 88' lang='lat' dir='ltr'><strong>in</strong></span> <span class='ocrx_word' id='word_1_166' title='bbox 1270 2606 1495 2662; x_wconf 89' lang='lat' dir='ltr'><strong>tempore</strong></span> <span class='ocrx_word' id='word_1_167' title='bbox 1529 2600 1750 2649; x_wconf 63' lang='lat' dir='ltr'><strong>laetum?</strong></span> <span class='ocrx_word' id='word_1_168' title='bbox 2339 2612 2438 2659; x_wconf 85' lang='lat'><strong>190</strong></span> 
     </span>
     <span class='ocr_line' id='line_1_27' title="bbox 197 2688 1429 2753; baseline -0.002 -15"><span class='ocrx_word' id='word_1_169' title='bbox 197 2689 421 2738; x_wconf 89' lang='lat' dir='ltr'><strong>Noverat</strong></span> <span class='ocrx_word' id='word_1_170' title='bbox 448 2689 683 2750; x_wconf 90' lang='lat' dir='ltr'><strong>effigiem,</strong></span> <span class='ocrx_word' id='word_1_171' title='bbox 721 2691 1045 2753; x_wconf 89' lang='lat' dir='ltr'><strong>generosique</strong></span> <span class='ocrx_word' id='word_1_172' title='bbox 1076 2688 1235 2736; x_wconf 89' lang='lat' dir='ltr'><strong>ardua</strong></span> <span class='ocrx_word' id='word_1_173' title='bbox 1262 2688 1429 2736; x_wconf 88' lang='lat' dir='ltr'><strong>Blaesi</strong></span> 
     </span>
     <span class='ocr_line' id='line_1_28' title="bbox 199 2775 1584 2842; baseline 0.003 -18"><span class='ocrx_word' id='word_1_174' title='bbox 199 2775 301 2824; x_wconf 89' lang='lat' dir='ltr'><strong>Ora</strong></span> <span class='ocrx_word' id='word_1_175' title='bbox 325 2790 474 2840; x_wconf 90' lang='lat' dir='ltr'><strong>puer,</strong></span> <span class='ocrx_word' id='word_1_176' title='bbox 508 2777 629 2823; x_wconf 91' lang='lat' dir='ltr'><strong>dum</strong></span> <span class='ocrx_word' id='word_1_177' title='bbox 659 2792 808 2841; x_wconf 88' lang='lat' dir='ltr'><strong>saepe</strong></span> <span class='ocrx_word' id='word_1_178' title='bbox 837 2779 976 2825; x_wconf 88' lang='lat' dir='ltr'><strong>domi</strong></span> <span class='ocrx_word' id='word_1_179' title='bbox 1008 2794 1144 2829; x_wconf 77' lang='lat' dir='ltr'><strong>nova</strong></span> <span class='ocrx_word' id='word_1_180' title='bbox 1178 2788 1314 2827; x_wconf 89' lang='lat' dir='ltr'><strong>serta</strong></span> <span class='ocrx_word' id='word_1_181' title='bbox 1343 2780 1584 2842; x_wconf 86' lang='lat' dir='ltr'><strong>ligantem</strong></span> 
     </span>
     <span class='ocr_line' id='line_1_29' title="bbox 199 2865 1499 2932; baseline 0.002 -18"><span class='ocrx_word' id='word_1_182' title='bbox 199 2866 273 2914; x_wconf 89' lang='lat' dir='ltr'><strong>Te</strong></span> <span class='ocrx_word' id='word_1_183' title='bbox 298 2865 467 2922; x_wconf 86' lang='lat' dir='ltr'><strong>videt,</strong></span> <span class='ocrx_word' id='word_1_184' title='bbox 498 2873 550 2911; x_wconf 89' lang='lat' dir='ltr'><strong>et</strong></span> <span class='ocrx_word' id='word_1_185' title='bbox 583 2866 770 2914; x_wconf 88' lang='lat' dir='ltr'><strong>similes</strong></span> <span class='ocrx_word' id='word_1_186' title='bbox 799 2875 1076 2929; x_wconf 71' lang='lat' dir='ltr'><strong>tergentem</strong></span> <span class='ocrx_word' id='word_1_187' title='bbox 1108 2876 1308 2932; x_wconf 89' lang='lat' dir='ltr'><strong>pectore</strong></span> <span class='ocrx_word' id='word_1_188' title='bbox 1343 2884 1499 2919; x_wconf 84' lang='lat' dir='ltr'><strong>curas.</strong></span> 
     </span>
     <span class='ocr_line' id='line_1_30' title="bbox 198 2940 1414 3019; baseline 0.002 -15"><span class='ocrx_word' id='word_1_189' title='bbox 198 2954 344 3004; x_wconf 90' lang='lat' dir='ltr'><strong>Hunc</strong></span> <span class='ocrx_word' id='word_1_190' title='bbox 375 2954 462 3001; x_wconf 92' lang='lat' dir='ltr'><strong>ubi</strong></span> <span class='ocrx_word' id='word_1_191' title='bbox 492 2940 702 3001; x_wconf 89' lang='lat' dir='ltr'><strong>Lethaei</strong></span> <span class='ocrx_word' id='word_1_192' title='bbox 736 2953 1031 3003; x_wconf 89' lang='lat' dir='ltr'><strong>lustrantem</strong></span> <span class='ocrx_word' id='word_1_193' title='bbox 1059 2960 1265 3019; x_wconf 88' lang='lat' dir='ltr'><strong>gurgitis</strong></span> <span class='ocrx_word' id='word_1_194' title='bbox 1301 2973 1414 3006; x_wconf 88' lang='lat' dir='ltr'><strong>oras</strong></span> 
     </span>
     <span class='ocr_line' id='line_1_31' title="bbox 201 3043 2433 3110; baseline 0 -19"><span class='ocrx_word' id='word_1_195' title='bbox 201 3043 453 3091; x_wconf 90' lang='lat' dir='ltr'><strong>Ausonios</strong></span> <span class='ocrx_word' id='word_1_196' title='bbox 484 3044 615 3091; x_wconf 90' lang='lat' dir='ltr'><strong>inter</strong></span> <span class='ocrx_word' id='word_1_197' title='bbox 649 3058 879 3108; x_wconf 85' lang='lat' dir='ltr'><strong>proceres</strong></span> <span class='ocrx_word' id='word_1_198' title='bbox 910 3047 1184 3110; x_wconf 89' lang='lat' dir='ltr'><strong>seriemque</strong></span> <span class='ocrx_word' id='word_1_199' title='bbox 1220 3046 1415 3105; x_wconf 74' lang='lat' dir='ltr'><strong>Quirini</strong></span> <span class='ocrx_word' id='word_1_200' title='bbox 2340 3061 2433 3106; x_wconf 88' lang='lat'><strong>195</strong></span> 
     </span>
    </p>
   </div>
   <div class='ocr_carea' id='block_1_4' title="bbox 203 3176 526 3184">
    <p class='ocr_par' dir='ltr' id='par_1_4' title="bbox 203 3176 526 3184">
     <span class='ocr_line' id='line_1_32' title="bbox 203 3176 526 3184; baseline 0 0"><span class='ocrx_word' id='word_1_201' title='bbox 203 3176 526 3184; x_wconf 95' lang='lat' dir='ltr'><strong> </strong></span> 
     </span>
    </p>
   </div>
   <div class='ocr_carea' id='block_1_5' title="bbox 294 3254 2312 3299">
    <p class='ocr_par' dir='ltr' id='par_1_5' title="bbox 294 3254 2312 3299">
     <span class='ocr_line' id='line_1_33' title="bbox 294 3254 2312 3299; baseline 0.006 -15"><span class='ocrx_word' id='word_1_202' title='bbox 294 3254 334 3284; x_wconf 77' lang='lat' dir='ltr'><strong>v.</strong></span> <span class='ocrx_word' id='word_1_203' title='bbox 364 3256 438 3286; x_wconf 83' lang='grc'><strong>168.</strong></span> <span class='ocrx_word' id='word_1_204' title='bbox 464 3254 562 3294; x_wconf 79' lang='lat' dir='ltr'><strong>vulg.</strong></span> <span class='ocrx_word' id='word_1_205' title='bbox 588 3261 753 3286; x_wconf 69' lang='lat' dir='ltr'><strong>ments.</strong></span> <span class='ocrx_word' id='word_1_206' title='bbox 800 3256 875 3287; x_wconf 85' lang='lat'><strong>172.</strong></span> <span class='ocrx_word' id='word_1_207' title='bbox 899 3262 1036 3288; x_wconf 68' lang='lat' dir='ltr'><strong>murus.</strong></span> <span class='ocrx_word' id='word_1_208' title='bbox 1085 3259 1161 3290; x_wconf 89' lang='grc'><strong>181.</strong></span> <span class='ocrx_word' id='word_1_209' title='bbox 1185 3257 1224 3288; x_wconf 85' lang='lat' dir='ltr'><strong>L.</strong></span> <span class='ocrx_word' id='word_1_210' title='bbox 1246 3262 1488 3290; x_wconf 66' lang='lat' dir='ltr'><strong>cunnum.</strong></span> <span class='ocrx_word' id='word_1_211' title='bbox 1525 3258 1600 3291; x_wconf 87' lang='lat'><strong>182.</strong></span> <span class='ocrx_word' id='word_1_212' title='bbox 1624 3265 1928 3295; x_wconf 67' lang='lat' dir='ltr'><strong>Arruns—mnu.</strong></span> <span class='ocrx_word' id='word_1_213' title='bbox 1986 3264 2061 3297; x_wconf 85' lang='grc'><strong>193.</strong></span> <span class='ocrx_word' id='word_1_214' title='bbox 2088 3271 2312 3299; x_wconf 68' lang='lat' dir='ltr'><strong>votnm.</strong></span> 
     </span>
    </p>
   </div>
   <div class='ocr_carea' id='block_1_6' title="bbox 1589 3314 1632 3361">
    <p class='ocr_par' dir='ltr' id='par_1_6' title="bbox 1589 3314 1632 3361">
     <span class='ocr_line' id='line_1_34' title="bbox 1589 3314 1632 3361; baseline 0 0"><span class='ocrx_word' id='word_1_215' title='bbox 1589 3314 1632 3361; x_wconf 90' lang='lat' dir='ltr'><strong>F</strong></span> 
     </span>
    </p>
   </div>
  </div>
 </body>
</html>
