2892 3840
860 1010 1870 1079 EPIMETRUM.

600 1163 1194 1216 Enl'ronls
1308 1163 2125 1216 DREsnENsls.

2392 1268 2414 1293 Ω

241 1366 482 1449 Rogatus
523 1384 587 1433 ab
627 1383 835 1432 librario
868 1380 1255 1436 honestissime,
1312 1387 1370 1426 ut
1402 1379 1555 1427 Statii
1587 1378 1960 1429 Marklandiani
1970 1415 1987 1439 ,
2030 1381 2252 1445 primum
2278 1382 2498 1435 Londini

239 1456 378 1522 typis
410 1452 766 1515 Bowyerianis
798 1467 843 1499 a.
879 1451 1026 1497 1728.
1073 1448 1335 1512 impressi,
1393 1447 1560 1495 denuo
1604 1447 1881 1497 recudendi
1923 1464 2094 1498 curam
2136 1451 2194 1499 in
2228 1466 2312 1498 me
2345 1456 2500 1502 susci-

242 1538 443 1591 perem,
489 1536 793 1586 quamquam
824 1519 983 1569 variis
1016 1517 1233 1579 negotiis
1270 1515 1541 1564 distractus
1559 1550 1574 1575 ,
1621 1531 1682 1564 eo
1716 1518 1884 1566 minus
1921 1526 2094 1566 tamen
2128 1520 2237 1567 eius
2266 1522 2498 1584 precibus

244 1593 422 1642 deesse
457 1591 624 1649 volui,
673 1604 771 1654 quo
805 1588 968 1649 magis
998 1586 1182 1635 librum
1217 1587 1473 1646 egregium
1508 1585 1571 1633 ab
1608 1586 1867 1645 omnibus,
1922 1595 2167 1652 quotquot
2199 1597 2343 1648 sunt,
2388 1590 2500 1655 phi-

242 1659 420 1723 lologis
460 1659 663 1723 saepius
705 1657 881 1722 quaeri
926 1670 1076 1720 quam
1114 1654 1303 1718 acquiri
1338 1654 1625 1714 constabat,
1680 1655 1820 1703 cuius
1855 1658 1931 1704 rei
1962 1671 2165 1705 causam
2198 1654 2497 1710 Fredcricus

241 1729 501 1791 Augustus
528 1727 739 1776 Wolfius
771 1728 828 1774 in
857 1723 1215 1774 Analectorum
1243 1722 1479 1770 fasciculo
1501 1722 1579 1771 IV.
1610 1740 1661 1788 p.
1690 1726 1805 1772 375.
1842 1727 2110 1789 exposuit,
2138 1727 2213 1775 ita
2235 1735 2293 1774 ut
2311 1730 2498 1779 mirum

243 1797 532 1855 videretur,
578 1795 937 1843 Britannorum
979 1793 1240 1841 Sosiorum
1277 1792 1534 1840 neminem
1568 1792 1665 1840 hoc
1702 1807 1827 1858 opus
1869 1795 2326 1844 fructuosissimum
2362 1800 2498 1864 typis

243 1868 526 1921 instaurare
555 1865 794 1915 voluisse.
861 1863 920 1910 In
963 1877 1060 1926 quo
1093 1858 1315 1908 curando
1343 1859 1467 1924 quid
1504 1863 1691 1924 egerim
1705 1896 1720 1920 ,
1760 1864 1933 1927 paucis
1967 1865 2073 1911 iam
2106 1866 2302 1929 accipe,
2344 1867 2500 1915 lector

243 1935 521 1985 benevole!
569 1933 821 1991 Primum,
854 1939 914 1979 ut
941 1946 1033 1996 par
1062 1936 1195 1988 erat,
1226 1944 1420 1976 errores
1450 1929 1696 1994 quosdam
1728 1931 2114 1996 typographicos
2144 1949 2175 1981 a
2201 1933 2500 1983 Marklando

245 2004 333 2055 vel
361 2002 612 2052 indicatos
640 2006 684 2066 *)
728 2001 813 2051 vel
853 2001 1108 2062 neglectos
1150 1999 1349 2044 correxi
1364 2032 1379 2055 ‚
1435 1998 1710 2063 seduloque
1746 2002 1885 2057 cavi,
1930 2015 1996 2047 ne
2029 2002 2154 2050 novi
2188 2002 2502 2063 accederent,

245 2072 367 2122 licet
403 2071 551 2120 facile
605 2069 878 2118 concedere
925 2068 1108 2126 velim,
1161 2068 1219 2114 in
1270 2066 1707 2116 observationibus
1759 2070 2082 2132 potissimum
2131 2069 2503 2132 elegantissime

250 2140 455 2205 quidem
489 2148 544 2188 at
585 2138 771 2187 iisdem
813 2138 1151 2185 minutissime
1205 2136 1467 2199 impressis
1518 2137 1853 2195 remansisse,
1932 2153 2060 2201 quae
2118 2139 2287 2187 oculos
2332 2155 2506 2204 quam·

250 2209 333 2258 vis
367 2209 538 2257 omnia
566 2209 811 2256 rimantes
843 2207 1072 2254 laterent.
1145 2203 1276 2251 'rum
1312 2202 1599 2261 „Addenda
1627 2213 1679 2252 et
1711 2205 1990 2254 Mutanda“
2022 2206 2509 2265 inAnimadversio-

252 2276 402 2324 nibus
431 2291 522 2324 suo
557 2291 782 2341 quaeque
814 2275 924 2322 loco
959 2274 1179 2331 inserui,
1223 2273 1437 2330 uncinis,
1469 2274 1648 2337 quibus
1682 2290 1743 2322 ea
1776 2275 1970 2323 inclusa
2003 2284 2137 2334 sunt,
2173 2277 2350 2326 addita
2382 2280 2509 2341 sigla

253 2357 328 2392 Ex
357 2356 479 2392 ΑΜ).
518 2351 570 2391 et
600 2359 666 2389 ne
696 2344 851 2390 lector
885 2343 989 2390 ulla
1016 2343 1102 2391 vel
1136 2343 1347 2388 minima
1373 2357 1429 2388 re
1468 2342 1753 2401 fraudetur,
1802 2343 1882 2391 hic
1918 2344 2162 2407 subjicere
2194 2345 2320 2393 libet
2352 2349 2509 2397 verba

256 2427 383 2476 quae
426 2410 753 2459 Marklandus
803 2410 903 2457 illis
949 2409 1217 2456 Addendis
1256 2412 1544 2473 praemisit:
1615 2411 1821 2469 „Notae
1863 2414 1918 2459 in
1963 2412 2088 2461 duas
2132 2415 2326 2478 priores
2369 2415 2510 2465 Libri

257 2480 444 2540 „Primi
478 2480 672 2540 eclogas
708 2492 869 2542 paene
904 2477 1295 2525 absolvebantur
1331 2486 1602 2541 antequam
1636 2481 1692 2526 in
1721 2495 1902 2528 manus
1937 2497 2078 2529 meas
2111 2490 2362 2531 venerunt
2387 2485 2511 2532 Edi-

258 2550 454 2607 „tiones
491 2548 778 2596 Parmensis
835 2553 887 2591 ct
941 2544 1194 2591 Romana:
1248 2546 1517 2594 universae
1575 2555 1774 2605 autem,
1828 2557 2097 2612 antequam
2146 2557 2323 2598 nactus
2373 2568 2514 2604 eram

258 2617 776 2682 „praestantissimam
796 2613 1090 2661 Editionem
1110 2612 1371 2660 Venetam.
1441 2614 1615 2661 Libuit
1644 2616 1797 2677 igitur
1827 2617 1908 2663 hic
1944 2617 2159 2679 adjicere
2188 2620 2514 2671 notabiliores

261 2687 567 2744 „varietates
608 2687 821 2733 istarum
858 2682 1138 2730 editionum
1159 2716 1173 2739 ,
1242 2690 1295 2728 et
1328 2690 1621 2745 praeterea,
1677 2685 1721 2731 si
1765 2685 1886 2747 quid
1926 2684 1989 2732 ab
2035 2686 2148 2734 aliis
2201 2686 2515 2749 adnotatum,

265 2762 385 2811 „aut
417 2770 451 2803 a
483 2769 566 2802 me
600 2755 713 2819 ipso
751 2751 1010 2800 omissum
1036 2751 1122 2801 vel
1154 2751 1420 2810 Erratum,
1466 2760 1647 2817 postea
1683 2753 2155 2819 deprehenderim.“
2225 2754 2347 2816 Ubi,
2382 2760 2517 2824 quod

267 2989 300 3030 ³⁵)
326 2988 507 3026 Ingratum
531 2995 617 3017 vero
646 2994 746 3024 quum
767 2986 920 3017 maxime
945 2986 1088 3026 accidit,
1119 2988 1159 3017 ut
1183 2986 1306 3017 horum
1332 2986 1488 3025 ipsorum
1510 2988 1671 3019 nonnulli
1698 2997 1718 3018 a
1741 2997 1795 3018 me
1822 2997 1901 3019 sero
1929 2988 2311 3030 animadverterentur,
2356 2994 2518 3028 quamob.

356 3042 433 3064 rem
455 3040 516 3063 eon
540 3032 594 3063 hic
623 3033 733 3062 affero
759 3032 1013 3071 lectoremque,
1041 3036 1079 3062 ut
1105 3032 1191 3063 banc
1218 3033 1300 3063 mihi
1328 3034 1595 3075 negligentiam,
1630 3033 1727 3065 cuius
1753 3035 1886 3073 culpam
1914 3034 1987 3073 ipse
2015 3036 2142 3074 optime
2167 3036 2303 3076 sentin,
2349 3039 2522 3071 condonet

362 3088 499 3119 precor.
532 3079 573 3109 P.
604 3078 680 3108 183.
710 3078 778 3108 eol.
803 3079 838 3108 2.
874 3077 898 3107 1.
926 3078 960 3107 4.
984 3087 1049 3116 pro
1084 3078 1288 3117 plerumque
1316 3079 1392 3117 lege
1422 3090 1539 3118 saepe.
1567 3098 1611 3103 —
1636 3082 1674 3110 P.
1705 3082 1783 3112 191.
1814 3090 1841 3110 e.
1874 3083 1904 3110 1.
1928 3081 1950 3111 l.
1981 3081 2039 3110 42.
2064 3081 2091 3110 1.
2121 3084 2289 3120 genitore.
2314 3098 2359 3105 —
2384 3093 2412 3115 e.
2437 3087 2472 3118 2.
2497 3087 2524 3118 1.

363 3126 423 3156 14.
450 3125 607 3156 deleatur
632 3126 727 3155 bene.
756 3139 800 3146 —
841 3123 878 3152 P.
906 3123 976 3152 200
1027 3132 1056 3152 c.
1086 3127 1115 3153 1.
1150 3124 1176 3153 Ι.
1196 3126 1255 3153 21.
1284 3124 1307 3153 l.
1343 3133 1517 3164 tenusque
1544 3136 1591 3156 ex
1615 3127 1746 3156 ordine.
1774 3142 1816 3148 —
1860 3127 1898 3155 P.
1931 3125 2010 3155 203.
2048 3135 2078 3157 c.
2107 3127 2141 3157 2.
2180 3128 2204 3158 1.
2233 3128 2288 3159 30.
2321 3127 2347 3158 1.
2371 3138 2454 3162 11.1.1.
2481 3148 2526 3157 —

363 3173 402 3202 Ρ.
428 3173 509 3202 206.
535 3182 566 3202 e.
591 3173 626 3202 2.
652 3172 676 3201 1.
704 3173 734 3201 l.
762 3179 828 3208 pro
858 3166 1074 3198 macrobium
1098 3169 1123 3199 l.
1150 3169 1404 3206 Quintilianum
1430 3172 1488 3200 vt.
1516 3171 1549 3202 3.
1575 3187 1618 3193 —-
1648 3172 1684 3202 P.
1710 3173 1791 3202 211.
1817 3180 1846 3203 c.
1871 3172 1902 3201 2.
1929 3171 1953 3201 1.
1980 3173 2036 3204 27.
2059 3172 2083 3201 l.
2107 3173 2271 3206 debuerit.
2304 3190 2348 3197 ·—
2383 3178 2420 3209 P.
2446 3180 2526 3210 215.

368 3227 399 3248 e.
423 3218 458 3248 2.
482 3218 507 3249 l.
537 3219 591 3250 17.
626 3217 650 3248 1.
673 3222 779 3248 essee.
807 3230 847 3237 -
884 3215 921 3244 P.
944 3215 1024 3244 226.
1051 3223 1079 3243 c.
1107 3217 1139 3244 1.
1166 3215 1190 3245 1.
1217 3215 1272 3244 34.
1296 3215 1320 3244 l.
1347 3222 1461 3248 tvml.
1488 3233 1531 3238 -
1574 3218 1611 3247 P.
1636 3218 1717 3248 227.
1745 3228 1774 3248 c.
1800 3217 1834 3246 2.
1862 3217 1886 3247 1.
1919 3219 1953 3247 7.
1980 3217 2004 3247 1.
2031 3221 2179 3250 eaedem.
2202 3237 2245 3245 -
2279 3221 2316 3250 P.
2336 3224 2417 3256 228,
2444 3235 2473 3256 ς,
2496 3227 2528 3256 2,

371 3265 394 3295 1.
410 3264 467 3299 57,
491 3264 517 3295 l.
540 3264 685 3294 duobus.
712 3280 750 3286 —
781 3263 817 3292 P.
840 3261 921 3291 235.
951 3270 977 3290 e.
1001 3263 1031 3290 1.
1059 3261 1082 3290 l.
1105 3262 1160 3291 51.
1185 3262 1207 3291 1.
1228 3265 1395 3301 togatum.
1417 3279 1459 3284 —
1497 3262 1533 3292 P.
1554 3263 1636 3293 237.
1662 3273 1692 3294 c.
1718 3267 1749 3295 1.
1773 3265 1796 3294 Ι.
1816 3264 1847 3293 4.
1873 3264 1896 3293 1.
1926 3268 2107 3296 scrutetur
2132 3267 2246 3298 undae
2269 3268 2396 3312 arbor,
2422 3276 2460 3302 et
2481 3276 2527 3303 σι’-

371 3311 444 3340 mul
457 3320 526 3341 nou
548 3308 700 3351 tangat?
727 3325 772 3332 -
818 3308 912 3338 Haec
934 3306 1049 3338 omnia
1072 3307 1179 3345 ipsiu·
1199 3307 1394 3338 Marklandi
1422 3308 1523 3346 jussu
1559 3309 1779 3349 corrigenda.

1953 3360 2027 3400 cl
