2892 3840
1070 430 1650 478 PRAErArio.
2406 431 2480 468 xv

237 548 363 599 quae
398 531 554 581 habet
582 542 780 580 GETAE:
824 544 916 596 pro
961 541 1136 578 RARAM
1172 529 1405 596 quietem,
1439 541 1643 578 NAvAlu:
1678 541 1771 592 pro
1805 536 2015 575 NrrmAs
2050 522 2282 591 speculas
2317 523 2479 572 Parm.

234 613 411 661 vines:
444 600 582 649 unde
617 601 716 649 feci
754 610 979 648 vmiffls:
1014 614 1106 663 pro
1141 611 1378 646 mmm
1422 615 1580 646 manu
1616 597 1818 644 restitui
1841 606 2195 644 mamutium:
2225 607 2317 657 pro
2336 603 2479 639 mssa

235 671 384 729 buxo,
418 680 620 718 FOEDA:
659 685 750 733 pro
786 666 931 716 CYDA
963 678 1134 715 LABOR
1162 683 1438 733 nomenque
1466 667 1599 729 suit,
1637 665 1843 729 Epiced.
1877 664 2009 712 Patr.
2041 679 2091 712 v.
2128 665 2209 710 94.
2245 660 2354 708 loco
2389 674 2480 708 no-

233 739 447 796 tissimo,
482 737 768 786 Parmensis
803 734 1085 784 CmALmEN
1117 751 1394 800 nomenque
1408 735 1557 796 suin·
1588 733 1724 781 unde
1759 733 1874 791 feci,
1910 731 2051 781 CURA
2084 730 2244 787 LYRE,
2278 744 2479 775 nomen-

232 822 327 872 que
344 806 476 869 fuit.
519 805 726 870 Epiced.
760 805 903 852 Puer.
940 805 1006 853 ad
1039 806 1123 852 fin.
1158 820 1251 869 pro
1281 804 1562 851 Exnncnne
1595 818 1775 866 genas,
1809 802 1973 850 Parm.
2006 801 2305 856 EXCEPERE,
2338 796 2477 844 unde

232 875 331 922 feci
363 875 668 922 ExcEmssn.
737 872 849 922 Hae
895 880 1016 921 sunt
1059 874 1288 935 egregiae
1331 873 1702 929 restitutiones,
1742 871 1858 918 huic
1901 870 2029 917 libro
2076 867 2292 915 debitae.
2326 867 2475 913 mitto

230 943 416 991 multas
449 943 590 1001 alias,
625 955 749 1005 quas
783 957 876 1004 per
909 949 1072 989 totum
1104 956 1231 1004 opus
1266 956 1465 1005 sparsas
1496 940 1712 988 videbis.
1778 939 1933 987 Liber
1966 938 2078 1001 ipse
2114 944 2193 984 est
2223 935 2280 982 in
2311 932 2473 991 Folio,

233 1010 681 1075 (quemadmodum
724 1010 1009 1074 loquuntur)
1042 1008 1341 1057 Charactere
1375 1008 1710 1066 nitidissimo,
1743 1015 1796 1055 et
1823 1005 2044 1071 iopinor,
2074 1005 2142 1054 ad
2175 1005 2473 1067 scripturam

232 1078 473 1127 Codicum
506 1078 643 1124 unde
674 1076 969 1139 desumptus
1005 1084 1098 1133 est,
1133 1076 1420 1122 accedente.
1486 1076 1656 1136 Magni
1683 1090 1799 1123 eum
1835 1076 1955 1124 fecit
1987 1075 2249 1123 Heinsius:
2283 1071 2474 1135 passim

231 1148 367 1203 citat,
402 1151 455 1191 et
488 1157 559 1190 ex
589 1144 677 1191 illo
712 1142 863 1190 Statii
890 1143 1000 1190 loca
1034 1141 1285 1189 emendat.
1354 1140 1482 1189 Mihi
1506 1141 1602 1188 hoc
1630 1144 1897 1205 praecipue
1925 1145 2129 1191 nomine
2160 1148 2329 1204 gratus
2359 1139 2473 1197 fuit,

228 1212 363 1278 quod
393 1211 519 1259 nulli
551 1218 704 1259 antea
735 1209 1020 1269 Editorum,
1051 1217 1294 1274 quantum
1325 1209 1464 1266 novi,
1495 1208 1628 1256 hunc
1661 1209 1853 1258 vidisse
1888 1213 2188 1271 contigerat:
2225 1216 2278 1256 et
2309 1208 2471 1270 magis

226 1282 485 1345 magisque
519 1287 714 1341 gratus,
747 1285 1014 1343 postquam
1051 1277 1376 1341 Conjecturas
1421 1292 1563 1325 meas
1598 1277 1662 1325 ab
1705 1278 1792 1325 illo
1840 1280 2155 1325 confirmatas
2205 1277 2475 1339 comperis-

227 1364 360 1408 sem3
393 1362 543 1412 quam
576 1349 892 1412 voluptatem
923 1348 1098 1395 multis
1126 1349 1181 1394 in
1215 1347 1335 1395 locis
1372 1347 1494 1410 cepi.
1563 1344 1646 1393 Ad
1681 1347 1833 1394 finem
1869 1347 2018 1409 hujus
2052 1345 2306 1392 Editionis
2349 1343 2472 1405 legi-

228 1426 310 1466 tur
333 1417 460 1464 haec
487 1416 723 1464 notabilis
754 1416 1063 1480 Epigraphe:
1099 1415 1194 1474 ‚,P.
1224 1416 1421 1480 Papinii
1454 1414 1602 1461 Statii
1634 1415 1763 1463 liber
1792 1419 1914 1480 qnt9
1949 1414 2179 1478 explicit:
2213 1411 2342 1476 quas]
2366 1426 2470 1459 non

227 1485 442 1546 „desint
471 1485 556 1548 qui
587 1484 750 1533 velint
784 1484 1047 1548 epistolam
1084 1499 1212 1548 quae
1247 1484 1478 1531 scribitur
1518 1482 1824 1532 Abascantio
1858 1483 2116 1532 Priscillae
2147 1481 2331 1529 Marito
2366 1494 2470 1527 non

227 1569 382 1614 „esse
415 1553 716 1617 principium
760 1553 948 1616 quinti,
994 1552 1086 1600 sed
1125 1553 1477 1617 interpositam
1510 1552 1567 1598 in
1609 1561 1810 1617 quarto;
1846 1561 1898 1600 et
1932 1551 2086 1600 silvas
2122 1552 2287 1599 solum
2320 1550 2378 1596 in
2411 1547 2470 1595 li-

228 1622 387 1682 „bros
417 1628 631 1685 quatuor
664 1636 775 1668 esse
811 1620 1016 1669 divisas.
1053 1621 1189 1686 quod
1223 1621 1427 1685 quidem
1457 1629 1686 1669 constare
1719 1623 1925 1671 videtur
1954 1634 2026 1667 ex
2059 1621 2138 1667 his
2158 1618 2327 1668 verbis
2348 1618 2471 1681 poi}-

226 1697 377 1750 ,‚tae:
418 1687 583 1747 Quare
615 1689 760 1752 plura
791 1690 848 1735 in
884 1687 1072 1747 Quarto
1104 1690 1355 1739 Silvarum
1392 1704 1543 1753 quam
1578 1691 1632 1737 in
1664 1691 1928 1755 prioribus.
2001 1688 2290 1737 Correctum
2334 1702 2383 1750 p.
2418 1683 2466 1731 d.

226 1793 259 1818 „
270 1759 483 1821 (opinor,
508 1773 607 1822 per
635 1756 912 1821 dominum)
956 1758 1280 1806 Franciscum
1315 1757 1671 1806 Puteolanum:
1717 1766 1770 1806 et
1812 1775 1961 1817 vere,
2003 1759 2136 1806 ultra
2179 1754 2470 1820 impressio-

226 1841 388 1887 „nem
418 1825 646 1873 venetiis
679 1826 880 1884 factam,
914 1828 969 1873 in
1002 1827 1068 1874 Ill
1102 1827 1324 1875 millibus
1347 1828 1467 1874 locis
1496 1827 1840 1886 emendatum,
1874 1828 1961 1876 SS.
1999 1825 2249 1875 Catullum
2287 1831 2340 1870 et
2374 1821 2471 1869 Sil-

226 1909 388 1954 „vas:
423 1901 482 1941 ut
515 1902 571 1942 tu
604 1893 785 1942 Lector
814 1895 1058 1943 ambobus
1092 1895 1468 1959 exemplaribus
1505 1898 1728 1959 experiri
1757 1898 1971 1961 poteris:
2008 1897 2180 1958 itaque
2219 1892 2358 1940 nullo
2388 1889 2473 1938 mo

224 1963 481 2024 „intelligi
513 1963 699 2027 possit:
730 1970 784 2009 et
818 1972 1028 2011 caetera.
1097 1965 1401 2028 Impressum
1446 1965 1656 2012 Parmae
1690 1981 1782 2028 per
1823 1981 1907 2012 me
1941 1965 2254 2029 Stephanum
2298 1958 2470 2008 Coral-

224 2065 256 2090 „
267 2032 386 2078 lum.
451 2030 599 2078 Anno
637 2029 823 2078 Christi
854 2030 1291 2080 MCCCCLXXIII.
1331 2033 1551 2080 secundo
1596 2032 1699 2081 Cal.
1745 2033 2106 2097 Septembris.“
2169 2029 2467 2078 Franciscus

223 2101 305 2147 hie
336 2099 639 2148 Puteolanus
669 2098 746 2160 (ut
777 2099 872 2147 hoc
902 2101 1066 2149 obiter
1100 2101 1317 2166 addam)
1363 2109 1662 2166 praeceptor
1704 2102 1803 2150 fuit
1838 2104 1938 2151 viri
1982 2102 2143 2162 magis
2186 2100 2312 2156 noti,
2350 2096 2466 2143 Phi-

223 2168 349 2232 lippi
388 2167 644 2226 Beroaldi,
683 2175 833 2232 prout
879 2167 1018 2217 disco
1063 2184 1133 2216 ex
1169 2170 1408 2219 Gevartio
1451 2170 1623 2234 Papin.
1657 2170 1793 2219 Lect.
1827 2171 1908 2230 111,
1954 2174 2000 2218 6.
2067 2169 2226 2226 Idem,
2273 2167 2467 2230 opinor,

227 2243 307 2282 est
337 2235 659 2294 Puteolanus,
695 2237 832 2298 cujus
864 2239 1099 2285 meminit
1124 2238 1416 2297 PolitianuS‚
1442 2239 1711 2302 Epistolar.
1746 2241 1805 2299 Π,
1846 2244 1922 2287 14.
1992 2237 2123 2286 Hinc
2157 2252 2279 2286 vero
2308 2240 2466 2299 patet,

226 2304 556 2366 antiquiorem
584 2304 679 2351 hac
711 2305 970 2353 Parmensi
1000 2307 1156 2354 fuisse
1187 2307 1433 2355 Venetam
1462 2308 1630 2367 aliam,
1666 2324 1816 2373 quam
1846 2309 1975 2356 forte
2003 2308 2170 2355 innuit
2194 2305 2465 2353 Gevartius

222 2370 397 2434 Papin.
440 2370 575 2417 Lect.
620 2371 658 2428 I,
705 2375 781 2418 13.
824 2373 912 2419 ubi
956 2375 1078 2423 citat
1119 2375 1402 2440 Principem
1445 2376 1580 2424 Edit.
1653 2377 1902 2425 Venetam
1959 2376 2027 2424 ad
2071 2371 2464 2424 confirmandam

222 2438 516 2486 Lectionem
562 2449 738 2485 mineo
781 2454 872 2502 pro
917 2452 1191 2500 mmmm:
1240 2457 1352 2490 cum
1390 2452 1562 2491 tamen
1605 2458 1855 2493 ΤΗΥΜΒΒΑ
1894 2447 1963 2494 sit
2002 2446 2058 2491 in
2107 2444 2298 2489 Veneta
2344 2438 2465 2488 anni

223 2505 550 2564 MCCCCXC,
579 2514 637 2553 ut
670 2514 816 2553 notat
846 2508 1127 2557 Gronovius
1164 2510 1379 2558 Praefat.
1409 2512 1690 2559 Diatribes:
1737 2521 1790 2560 et
1817 2513 2031 2577 proinde
2064 2525 2271 2557 necesse
2313 2509 2380 2555 sit
2411 2520 2466 2552 a-

222 2575 343 2623 liam
387 2589 498 2622 esse
541 2574 786 2622 Venetam
830 2575 918 2622 illa
955 2579 1300 2625 vetustiorem.
1369 2579 1530 2626 Immo
1569 2580 1730 2628 trium
1777 2580 2084 2628 Venetarum
2126 2578 2464 2639 antiquiorum

222 2644 529 2691 mentionem
558 2643 792 2702 invenio;
820 2645 969 2692 unius
1001 2660 1212 2709 nempe,
1235 2645 1330 2693 An.
1380 2651 1525 2695 1483.
1562 2648 1699 2712 apud
1728 2647 1802 2696 Cl.
1836 2648 2122 2696 Fabricium
2157 2643 2466 2693 Bibliotheca

223 2711 385 2758 Latin.
413 2711 521 2758 Lib.
556 2711 611 2758 II.
645 2727 751 2775 cap.
791 2714 868 2758 16.
906 2720 959 2760 et
986 2713 1326 2779 Supplement.
1359 2731 1407 2778 p.
1446 2718 1560 2763 712.
1595 2716 1835 2776 Alterius,
1872 2717 1967 2765 An.
2002 2721 2147 2764 1475.
2183 2714 2319 2777 apud
2341 2713 2467 2759 Gro-

223 2780 431 2828 novium
466 2779 626 2844 Reliq.
662 2780 733 2827 ad
772 2780 939 2827 Statii
968 2781 1147 2829 sums.
1185 2782 1402 2841 Tertiae,
1436 2784 1696 2832 Parmensi
1730 2787 2053 2843 vetustioris,
2089 2787 2143 2832 in
2178 2780 2464 2846 Epigraphe

223 2845 375 2893 modo
427 2846 656 2894 adducta.
739 2849 917 2897 Erravi
950 2851 1104 2912 igitur
1140 2851 1386 2914 siquando
1422 2852 1745 2901 Parmensem
1792 2856 2016 2902 omnium
2062 2852 2463 2916 antiquissimam

225 2913 461 2961 dixerim.
531 2913 658 2961 Cum
690 2913 754 2962 de
798 2916 893 2964 hac
934 2918 1129 2966 Veneta
1163 2919 1400 2968 Editione
1451 2937 1769 2985 quaererem,
1814 2923 2101 2970 admonitus
2146 2936 2283 2968 eram
2324 2919 2462 2965 illam

225 2984 415 3032 servari
445 2983 501 3028 in
531 2981 838 3031 Bibliotheca
884 2984 1159 3034 celsissimi
1205 2988 1366 3035 Ducrs
1405 2990 1709 3049 DEvoNJAE,
1755 2993 1938 3053 egregii
1972 2992 2254 3039 Literarum
2301 2986 2464 3032 fauto-

220 3051 315 3098 ris:
359 3065 392 3098 a
434 3064 530 3115 quo
570 3051 884 3106 (interventu
931 3053 1242 3102 Nobilissimi
1287 3058 1546 3119 enjusdam
1582 3059 1776 3123 Amici)
1812 3060 2103 3107 thesaurum
2140 3057 2269 3102 hunc
2302 3055 2464 3116 impe-

222 3119 381 3168 travi:
433 3132 644 3182 quorum
692 3118 820 3167 adeo
855 3119 1172 3168 Humanitati
1214 3131 1266 3168 et
1318 3127 1541 3173 comitati
1590 3128 1783 3173 utinam
1839 3142 1988 3189 pares
2045 3126 2230 3188 gratias
2273 3123 2461 3170 referre

221 3201 435 3250 possem.
506 3186 575 3233 Et
600 3187 707 3248 J‘am
743 3188 913 3246 video,
948 3190 1117 3236 omnia
1153 3203 1279 3252 quae
1320 3190 1384 3237 de
1419 3195 1728 3256 praestantia
1761 3194 1897 3242 Edit.
1942 3195 2103 3242 Parm.
2138 3192 2463 3256 praedicave-

221 3268 346 3312 ram,
376 3255 445 3303 ad
475 3253 605 3302 hanc
639 3257 822 3318 potiori
847 3258 963 3318 jure
998 3257 1347 3306 transferenda
1382 3275 1508 3307 esse.
1545 3263 1727 3327 quippe
1762 3262 2045 3311 Parmensis
2087 3278 2155 3310 ex
2190 3262 2282 3309 hac
2311 3260 2462 3324 plane

220 3335 463 3386 expressa
504 3323 660 3371 fuisse
709 3324 938 3385 videtur,
996 3327 1205 3374 mutatis
1259 3329 1510 3378 nonnullis
1547 3332 1632 3395 (et
1662 3333 1926 3396 frequente
1960 3335 2015 3380 in
2050 3332 2222 3396 pejus)
2267 3329 2350 3378 vel
2394 3342 2463 3374 ex
