2892 3840
435 421 503 472 24
1150 433 1195 471 P.
1265 431 1644 470 PAP1N11
1722 433 2039 478 eram-11

434 546 580 596 Hunc
606 546 805 596 Galatia
834 548 1012 610 vigens
1045 561 1169 595 ausa
1203 552 1283 594 est
1308 545 1560 595 incessere
1593 545 1752 596 bello:

433 637 580 687 Hunc
606 652 801 703 quoque
830 652 1019 702 perque
1053 652 1241 687 novem
1274 636 1447 684 timuit
1476 637 1777 702 Pamphylia
1810 655 2019 702 messes,

433 728 817 792 Pannoniusque
850 727 1024 785 ferox,
1066 741 1281 792 arcuque
1311 725 1565 777 horrenda
1597 727 1764 791 fugaci

433 820 700 878 Armenia,
731 826 783 865 et
814 820 1013 883 patiens
1042 817 1177 866 Latii
1198 820 1309 882 jam
1342 821 1513 883 pontis
1545 819 1762 868 Araxes.

433 909 566 969 Quid
599 906 824 972 ‘geminos
852 908 1039 967 fasces,
1070 923 1381 974 magnaeque
1416 911 1601 957 iterata
1624 909 1888 959 revolvam

430 999 552 1048 Jura
577 998 764 1047 Asiae'.l
795 997 923 1048 velit
950 998 1039 1046 illa
1074 999 1278 1064 quidem
1303 1006 1380 1048 ter
1404 998 1616 1058 habere,
1651 1006 1923 1064 quaterque

430 1090 576 1140 Hunc
612 1088 734 1148 sibi3
767 1087 859 1136 sed
894 1097 1137 1138 revocant
1171 1090 1291 1138 fasti
1325 1090 1583 1154 majorque
1616 1089 1818 1147 curulis,

430 1180 533 1229 Nec
562 1180 811 1245 permissa
845 1179 1016 1227 semel.
1086 1179 1264 1243 Libyci
1294 1180 1415 1246 quid
1443 1181 1574 1228 mira
1605 1180 1783 1228 tributi

431 1269 708 1334 Obsequia,
745 1276 797 1316 et
829 1270 1042 1317 missum
1071 1270 1243 1319 media
1273 1271 1336 1319 de
1370 1286 1494 1335 pace
1529 1269 1842 1333 triumphum

429 1360 681 1419 Laudem,
716 1367 768 1407 et
798 1375 918 1424 opes
951 1368 1164 1424 quantas
1191 1377 1284 1409 nec
1316 1362 1401 1425 qui
1431 1360 1766 1410 mandaverat
1792 1373 1943 1407 ausus

428 1451 716 1515 Expectare
746 1450 881 1497 fuit'.l
917 1450 1103 1512 gaudet
1131 1450 1455 1500 Trasimenus
1487 1457 1539 1498 et
1572 1450 1728 1516 Alpes

431 1540 819 1604 Cannensesque
848 1541 1071 1588 animae:
1104 1543 1396 1606 primusque
1429 1542 1626 1603 insigne
1652 1541 1897 1589 tributum

428 1632 541 1695 Ipse
572 1631 742 1695 palam
777 1629 942 1678 lacera
968 1631 1210 1695 poscebat
1238 1632 1455 1696 Regulus
1486 1633 1678 1680 umbra.

429 1724 544 1772 Non
570 1731 720 1773 vacat
753 1722 965 1771 Arctoas
1002 1725 1161 1783 acies,
1196 1725 1525 1790 Rhenumque
1555 1724 1811 1782 rebellem,

431 1813 773 1878 Captivaeque
809 1829 983 1879 preces
1009 1813 1256 1875 Veledae,
1292 1824 1344 1864 et
1380 1817 1529 1881 (quae
1561 1816 1792 1863 maxima
1821 1827 1982 1879 nuper

430 1905 620 1969 Gloria)
652 1904 935 1969 depositam
968 1904 1121 1953 Dacis
1152 1907 1480 1971 pereuntibus
1516 1922 1683 1954 arcem

428 1994 678 2053 l‘andere3
715 2009 827 2042 cum
868 1995 1023 2052 tanti,
1056 1994 1240 2055 lectus,
1272 1998 1480 2045 rectoris
1511 1996 1736 2044 habenas

430 2086 642 2143 Gallice,
677 2084 905 2132 Fortuna
938 2100 1042 2132 non
1071 2086 1400 2145 adversante,
1429 2087 1623 2134 subisti.

427 2175 574 2223 Hunc
608 2176 762 2236 igitur
800 2175 866 2240 (si
903 2175 1057 2236 digna
1085 2177 1281 2242 loquor)
1315 2179 1572 2241 rapiamus
1606 2177 1778 2240 iniquo

429 2268 586 2326 Nate,
618 2266 748 2316 Jovi.
817 2274 962 2329 rogat
990 2268 1085 2316 hoc
1118 2269 1296 2318 Latiae
1329 2278 1475 2334 pater
1506 2269 1725 2329 inclytus
1755 2265 1922 2314 urbis:

429 2359 497 2406 Et
531 2359 716 2405 meruit
747 2357 930 2422 (neque
963 2361 1098 2407 enim
1129 2361 1317 2409 frustra
1347 2362 1473 2409 mihi
1506 2376 1667 2425 nuper
1697 2359 1890 2406 honora

431 2449 669 2498 Carmina
701 2450 908 2514 patritio
939 2453 1083 2514 pueri
1112 2455 1353 2501 sonuistis
1379 2455 1434 2500 in
1468 2452 1626 2516 ostro)

431 2540 485 2588 Si
519 2555 617 2605 qua
652 2539 910 2587 salutifero
945 2543 1131 2602 gemini
1168 2542 1400 2592 Chironis
1434 2545 1490 2590 in
1521 2550 1666 2590 antro

430 2632 627 2689 Herba,
662 2632 800 2678 tholo
834 2632 1162 2698 quodcunque
1196 2637 1289 2684 tibi
1321 2635 1542 2696 Trojana
1578 2631 1807 2679 recondit

431 2723 729 2784 Pergamus,
761 2728 849 2768 aut
877 2722 1087 2770 medicis
1125 2724 1254 2772 felix
1283 2724 1570 2790 Epidaurus
1607 2723 1774 2770 arenis

430 2814 649 2873 Educat3
681 2813 834 2860 Idaea
867 2814 1063 2877 profert
1092 2831 1242 2879 quam
1279 2815 1430 2865 Creta
1465 2815 1557 2863 sub
1592 2814 1772 2861 umbra

432 2904 688 2951 Dictamni
723 2904 947 2952 florentis
984 2919 1157 2968 opem,
1191 2922 1386 2974 quoque
1420 2909 1595 2970 anguis
1623 2903 1851 2954 ¹abundat

2621 922 2690 977 80

2623 1370 2685 1414 85

2623 1821 2691 1867 90

2622 2273 2686 2318 95

529 3162 583 3199 [ν.
609 3163 662 3193 83.
699 3169 895 3202 ΡΕηΜιεεΑ;
930 3162 994 3195 hoc
1016 3163 1236 3199 Marklandus
1269 3167 1390 3209 reponi
1417 3166 1517 3199 iussit
1549 3177 1612 3208 pro
1635 3171 1824 3199 Paoursu.
1858 3169 1925 3195 Ευ.
1952 3163 2036 3201 Νι]
2071 3159 2126 3192 84.
2152 3160 2190 3190 L.
2215 3165 2361 3191 susum.
2392 3161 2453 3191 85.
2479 3160 2574 3200 Vulg.
2603 3157 2710 3201 open'

436 3219 604 3249 Tasris?
629 3227 703 3249 nec.
752 3222 805 3251 88.
839 3221 876 3252 L.
914 3228 1139 3255 PLAUDEBAT.
1187 3227 1242 3258 91.
1279 3234 1410 3258 uanam.
1456 3227 1512 3258 93.
1544 3227 1582 3257 L.
1606 3228 1847 3257 ADVERSANTE
1883 3221 1935 3259 [et
1959 3219 2008 3250 ἥδ
2032 3216 2239 3258 ΥΕΡΟΕῙΨΠῙ,
2275 3225 2350 3248 cum
2384 3218 2485 3248 ⁸³²²ss
2518 3218 2689 3259 'egerem‘

436 3283 658 3308 AmnnAs‘rE.
688 3284 755 3307 Εο.
781 3280 865 3317 ma]
914 3280 968 3310 91.
991 3288 1181 3313 RAP1EMUS.
