2892 3840
384 389 484 439 114
1086 370 1976 450 1³„PAP1N11s-rA'r11

384 511 523 562 Haec
550 513 707 571 inter,
742 511 901 559 festae
937 508 1124 556 Genius
1154 507 1407 572 tutelaque
1437 520 1644 555 mensae

384 599 862 667 Amphitryoniades
877 633 892 657 ,
922 597 1080 645 multo
1107 610 1223 644 mea
1253 597 1385 661 cepit
1417 610 1588 644 amore
2291 638 2310 650 f
2414 626 2435 643 .

384 691 618 755 Pectora,
652 705 743 736 nec
773 688 920 748 longo
955 685 1161 735 satiavit
1193 685 1386 733 lumina
1414 685 1555 735 visu:
2076 666 2082 670 ¹

386 780 577 828 Tantus
602 778 760 825 honos
795 776 958 840 operi,
1005 774 1226 843 finesque
1265 775 1460 840 inclusa
1490 789 1581 838 per
1611 779 1748 821 artos
2511 826 2513 829 ι
2558 776 2622 822 35

385 868 644 936 MaJestas!
713 865 853 911 Deus
882 864 997 921 ille,
1032 863 1197 923 Deus3
1247 871 1455 926 seseque
1489 861 1769 913 videndum
1932 862 1934 864 ’

383 955 594 1003 Indulsit
621 954 845 1017 Lysippe
876 952 996 1011 tibi,
1031 966 1317 1016 parvusque
1350 951 1517 1001 videri

384 1043 664 1105 Sentirique
699 1043 890 1103 ingens.
953 1049 1005 1089 et
1039 1056 1152 1090 cum
1183 1041 1427 1089 mirabilis
1459 1040 1594 1086 intra
1662 1087 1666 1091 ,
1752 1095 1760 1102 .

382 1133 493 1180 Stet
531 1145 768 1178 mensura
798 1130 1010 1195 pedem,
1045 1137 1217 1178 tamen
1247 1130 1532 1177 exclamare
1564 1127 1756 1185 libebit,

383 1221 469 1286 (Si
497 1221 638 1270 visus
676 1236 767 1285 per
801 1219 1029 1269 membra
1057 1219 1220 1283 feras)
1254 1229 1364 1266 Hoc
1397 1224 1599 1282 pectore
1629 1229 1832 1280 pressus
2419 1233 2433 1245 ·
2562 1213 2645 1282 40¹

380 1309 616 1357 Vastator
649 1309 889 1367 Nemees3
932 1307 1055 1355 haec
1092 1309 1299 1355 exitiale
1335 1307 1565 1354 ferebant

382 1399 579 1457 Robur,
616 1406 667 1445 et
695 1397 890 1459 Argoos
924 1398 1222 1459 frangebant
1249 1396 1452 1444 brachia
1478 1409 1659 1441 remos.

383 1486 493 1535 Hoc
530 1489 718 1551 spatio,
751 1495 856 1534 tam
885 1502 1092 1548 magna,
1127 1487 1296 1543 brevi,
1331 1484 1596 1532 mendacia
1624 1483 1838 1529 formae!

383 1574 510 1643 ¹Quis
541 1576 721 1625 modus
756 1578 811 1623 in
839 1576 1047 1632 dextra,
1084 1582 1271 1637 quanta
1303 1574 1622 1638 experientia
1653 1571 1786 1619 docti

386 1664 604 1714 Artificis
640 1668 794 1723 curis,
828 1666 1016 1729 pariter
1046 1664 1323 1724 gestamina
1353 1678 1559 1710 mensae
2484 1700 2497 1713 ,
2564 1656 2630 1704 45

386 1754 629 1817 Fingere,
665 1764 717 1802 et
748 1757 976 1816 ingentes
1012 1754 1180 1800 animo
1213 1768 1416 1801 versare
1453 1751 1701 1799 colossos?

330 1900 340 1909 κ
389 1843 510 1892 Tale
541 1859 633 1891 nec
660 1844 822 1891 Idaeis
859 1843 1122 1904 quicquam
1158 1840 1420 1887 Telchines
1442 1824 1507 1885 'in
1543 1839 1717 1895 antris,

388 1932 494 1982 Nec
528 1932 717 1980 solidus
751 1930 988 1987 Brontes,
1022 1944 1115 1976 nec
1147 1928 1230 1991 qui
1265 1926 1393 1991 polit
1423 1942 1564 1974 arma
1594 1926 1803 1974 deorum

388 2022 656 2082 Lemnius,
694 2021 880 2081 exigua
905 2019 1155 2084 potuisset
1181 2017 1353 2065 ludere
1380 2032 1563 2064 massa.
1616 2063 1619 2066 Α

389 2109 494 2159 Nec
525 2118 671 2159 torva
701 2109 884 2170 effigies
921 2108 1177 2172 epulisque
1206 2107 1370 2153 aliena
1402 2106 1650 2163 remissis3
2239 2136 2251 2150 .
2420 2156 2426 2161 ,
2570 2101 2636 2149 50

391 2199 494 2247 sed
525 2200 722 2263 qualem
753 2199 890 2261 parci
926 2197 1104 2243 domus
1135 2196 1384 2243 admirata
1411 2194 1671 2251 Molorchi,

390 2287 497 2337 Aut
526 2287 683 2335 Aleae
712 2288 836 2333 lucis
866 2286 999 2335 vidit
1026 2286 1255 2347 Tegeaea
1290 2284 1546 2332 sacerdos:

393 2376 562 2435 Qualis
593 2377 654 2424 ab
688 2376 899 2438 ,Oetaeis
937 2377 1149 2422 emissus
1180 2377 1233 2422 in
1270 2380 1405 2421 astra
1437 2373 1623 2422 favillis

391 2465 573 2515 Nectar
604 2465 766 2512 adhuc
803 2472 948 2514 torva
990 2465 1150 2511 laetus
1192 2463 1387 2510 Junone
1421 2462 1654 2509 bibebat:

394 2556 476 2603 Sic
514 2556 651 2602 mitis
695 2555 891 2612 vultuS,
931 2555 1090 2602 veluti
1125 2554 1187 2600 de
1221 2562 1422 2616 pectore
1459 2551 1682 2613 gaudens
2379 2527 2384 2531 ,
2570 2550 2633 2595 55

394 2642 635 2689 I-Iortetur
667 2658 883 2690 mensas.
954 2649 1092 2688 tenet
1124 2641 1248 2688 haec
1281 2641 1556 2688 marcentia
1586 2638 1755 2685 fratris

394 2732 601 2788 Pocula,
633 2733 698 2779 ad
731 2732 854 2778 haec
887 2731 1055 2778 clavae
1090 2730 1322 2776 meminit
1354 2743 1558 2775 manus:
1594 2741 1773 2790 aspera
1808 2723 1953 2772 sedes

396 2821 647 2879 Sustinet,
681 2821 925 2867 occultum
962 2818 1213 2866 Nemeaeo
1243 2818 1467 2878 tegmine
1504 2831 1701 2864 saxum.

396 2910 563 2972 Digna
608 2911 748 2974 operi
782 2910 983 2956 fortuna
1023 2922 1185 2954 sacro:
1228 2906 1453 2953 Pellaeus
1489 2904 1707 2952 habebat
1740 2938 1746 2944 -

398 2999 648 3061 Regnator
679 3000 824 3047 laetis
856 3012 1044 3045 numen
1077 2995 1363 3046 venerabile
1395 2996 1601 3053 mensis,
2567 2986 2634 3035 60

493 3166 547 3202 [V.
572 3167 624 3196 32.
648 3173 801 3207 rsss‘rAss,
828 3168 927 3197 antea
955 3174 1102 3198 cisun.
1134 3173 1201 3197 Eo.
1231 3166 1315 3203 ma]
1358 3165 1411 3195 35.
1435 3164 1533 3203 Vulg.
1554 3169 1754 3198 nnmosqmz
1772 3162 1902 3193 inclusa
1931 3170 1992 3200 per
2016 3164 2143 3189 ARTUS.
2193 3156 2245 3187 53.
2271 3152 2388 3190 Qualis
2412 3159 2458 3183 m·
2486 3150 2630 3182 Oetaeis.

405 3222 458 3251 57.
482 3228 603 3251 Ammo
627 3229 763 3253 SAEVAE
796 3224 946 3254 meminit
969 3233 1088 3255 manus
1110 3230 1253 3255 ALTERA
1284 3228 1421 3252 CAEms.
