<?xml version="1.0" encoding="UTF-8"?>
<!DOCTYPE html PUBLIC "-//W3C//DTD XHTML 1.0 Transitional//EN"
    "http://www.w3.org/TR/xhtml1/DTD/xhtml1-transitional.dtd">
<html xmlns="http://www.w3.org/1999/xhtml" xml:lang="en" lang="en">
 <head>
  <title>
</title>
<meta http-equiv="Content-Type" content="text/html;charset=utf-8" />
  <meta name='ocr-system' content='tesseract 3.04.00' />
  <meta name='ocr-capabilities' content='ocr_page ocr_carea ocr_par ocr_line ocrx_word'/>
</head>
<body>
  <div class='ocr_page' id='page_1' title='image "./ppapiniistatiili00statuoft_0017.png"; bbox 0 0 2892 3840; ppageno 0'>
   <div class='ocr_carea' id='block_1_1' title="bbox 1126 484 2537 539">
    <p class='ocr_par' dir='ltr' id='par_1_1' title="bbox 1126 484 2537 539">
     <span class='ocr_line' id='line_1_1' title="bbox 1126 484 2537 539; baseline -0.001 -6"><span class='ocrx_word' id='word_1_1' title='bbox 1126 484 1709 534; x_wconf 72' lang='lat' dir='ltr'>PRAEFA&#39;rio.</span> <span class='ocrx_word' id='word_1_2' title='bbox 2479 505 2537 539; x_wconf 64' lang='grc' dir='ltr'>χι</span> 
     </span>
    </p>
   </div>
   <div class='ocr_carea' id='block_1_2' title="bbox 292 585 2537 718">
    <p class='ocr_par' dir='ltr' id='par_1_2' title="bbox 292 585 2537 718">
     <span class='ocr_line' id='line_1_2' title="bbox 292 585 2537 652; baseline 0.001 -15"><span class='ocrx_word' id='word_1_3' title='bbox 292 586 597 638; x_wconf 81' lang='lat' dir='ltr'><strong>Praesertim</strong></span> <span class='ocrx_word' id='word_1_4' title='bbox 637 598 750 632; x_wconf 91' lang='lat' dir='ltr'>cum</span> <span class='ocrx_word' id='word_1_5' title='bbox 783 586 840 633; x_wconf 88' lang='lat' dir='ltr'>in</span> <span class='ocrx_word' id='word_1_6' title='bbox 882 585 983 633; x_wconf 85' lang='lat' dir='ltr'>isto</span> <span class='ocrx_word' id='word_1_7' title='bbox 1029 585 1196 633; x_wconf 84' lang='lat' dir='ltr'>nullus</span> <span class='ocrx_word' id='word_1_8' title='bbox 1226 586 1295 633; x_wconf 85' lang='lat' dir='ltr'>sit</span> <span class='ocrx_word' id='word_1_9' title='bbox 1328 599 1531 644; x_wconf 88' lang='lat' dir='ltr'>sensus;</span> <span class='ocrx_word' id='word_1_10' title='bbox 1578 592 1631 632; x_wconf 92' lang='lat' dir='ltr'>et</span> <span class='ocrx_word' id='word_1_11' title='bbox 1666 586 1778 652; x_wconf 89' lang='lat' dir='ltr'>ipse</span> <span class='ocrx_word' id='word_1_12' title='bbox 1814 587 1935 637; x_wconf 88' lang='lat' dir='ltr'>alibi</span> <span class='ocrx_word' id='word_1_13' title='bbox 1976 585 2192 636; x_wconf 86' lang='lat' dir='ltr'>eandem</span> <span class='ocrx_word' id='word_1_14' title='bbox 2233 592 2537 640; x_wconf 85' lang='lat' dir='ltr'>sententiam</span> 
     </span>
     <span class='ocr_line' id='line_1_3' title="bbox 293 651 1644 718; baseline -0.004 -12"><span class='ocrx_word' id='word_1_15' title='bbox 293 656 476 706; x_wconf 89' lang='lat' dir='ltr'>iisdem</span> <span class='ocrx_word' id='word_1_16' title='bbox 511 655 619 704; x_wconf 88' lang='lat' dir='ltr'>fere</span> <span class='ocrx_word' id='word_1_17' title='bbox 652 652 822 703; x_wconf 85' lang='lat' dir='ltr'>verbis</span> <span class='ocrx_word' id='word_1_18' title='bbox 854 653 1095 718; x_wconf 84' lang='lat' dir='ltr'>proferat,</span> <span class='ocrx_word' id='word_1_19' title='bbox 1138 651 1348 702; x_wconf 76' lang='lat' dir='ltr'>Aeneid.</span> <span class='ocrx_word' id='word_1_20' title='bbox 1386 653 1494 711; x_wconf 89' lang='lat' dir='ltr'><strong>XII,</strong></span> <span class='ocrx_word' id='word_1_21' title='bbox 1529 656 1644 701; x_wconf 75' lang='lat'>496.</span> 
     </span>
    </p>
   </div>
   <div class='ocr_carea' id='block_1_3' title="bbox 846 732 1880 775">
    <p class='ocr_par' dir='ltr' id='par_1_3' title="bbox 846 732 1880 775">
     <span class='ocr_line' id='line_1_4' title="bbox 846 732 1880 775; baseline 0.001 -2"><span class='ocrx_word' id='word_1_22' title='bbox 846 732 977 773; x_wconf 75' lang='lat' dir='ltr'>Multa</span> <span class='ocrx_word' id='word_1_23' title='bbox 999 732 1135 773; x_wconf 78' lang='lat' dir='ltr'>Iovem</span> <span class='ocrx_word' id='word_1_24' title='bbox 1164 741 1204 772; x_wconf 89' lang='lat' dir='ltr'>et</span> <span class='ocrx_word' id='word_1_25' title='bbox 1230 736 1327 773; x_wconf 80' lang='lat' dir='ltr'>laesi</span> <span class='ocrx_word' id='word_1_26' title='bbox 1356 740 1527 774; x_wconf 66' lang='lat' dir='ltr'>testatus</span> <span class='ocrx_word' id='word_1_27' title='bbox 1556 734 1727 773; x_wconf 77' lang='lat' dir='ltr'>foederis</span> <span class='ocrx_word' id='word_1_28' title='bbox 1758 745 1880 775; x_wconf 67' lang='lat' dir='ltr'>Anas:</span> 
     </span>
    </p>
   </div>
   <div class='ocr_carea' id='block_1_4' title="bbox 295 799 2284 870">
    <p class='ocr_par' dir='ltr' id='par_1_4' title="bbox 295 799 2284 870">
     <span class='ocr_line' id='line_1_5' title="bbox 295 799 2284 870; baseline -0.001 -18"><span class='ocrx_word' id='word_1_29' title='bbox 295 817 445 870; x_wconf 89' lang='lat' dir='ltr'>quem</span> <span class='ocrx_word' id='word_1_30' title='bbox 472 801 637 852; x_wconf 87' lang='lat' dir='ltr'>locum</span> <span class='ocrx_word' id='word_1_31' title='bbox 673 799 918 850; x_wconf 86' lang='lat' dir='ltr'>exscribit</span> <span class='ocrx_word' id='word_1_32' title='bbox 941 807 1215 864; x_wconf 88' lang='lat' dir='ltr'>perpetuus</span> <span class='ocrx_word' id='word_1_33' title='bbox 1252 802 1359 864; x_wconf 87' lang='lat' dir='ltr'>ejus</span> <span class='ocrx_word' id='word_1_34' title='bbox 1393 800 1620 848; x_wconf 82' lang='lat' dir='ltr'><strong>imitator</strong></span> <span class='ocrx_word' id='word_1_35' title='bbox 1653 800 1739 848; x_wconf 87' lang='lat' dir='ltr'>Sil.</span> <span class='ocrx_word' id='word_1_36' title='bbox 1784 800 1982 851; x_wconf 88' lang='lat' dir='ltr'>Italicus</span> <span class='ocrx_word' id='word_1_37' title='bbox 2016 799 2167 862; x_wconf 76' lang='lat' dir='ltr'>XVII,</span> <span class='ocrx_word' id='word_1_38' title='bbox 2204 806 2284 852; x_wconf 81' lang='lat'>8⁷.</span> 
     </span>
    </p>
   </div>
   <div class='ocr_carea' id='block_1_5' title="bbox 854 880 1751 977">
    <p class='ocr_par' dir='ltr' id='par_1_5' title="bbox 854 880 1751 977">
     <span class='ocr_line' id='line_1_6' title="bbox 1128 880 1751 933; baseline 0.003 -14"><span class='ocrx_word' id='word_1_39' title='bbox 1128 889 1256 920; x_wconf 70' lang='lat' dir='ltr'>casta·</span> <span class='ocrx_word' id='word_1_40' title='bbox 1286 883 1428 933; x_wconf 87' lang='lat' dir='ltr'>polluti</span> <span class='ocrx_word' id='word_1_41' title='bbox 1455 880 1624 920; x_wconf 84' lang='lat' dir='ltr'>foederis</span> <span class='ocrx_word' id='word_1_42' title='bbox 1652 892 1751 921; x_wconf 65' lang='lat' dir='ltr'>anas</span> 
     </span>
     <span class='ocr_line' id='line_1_7' title="bbox 854 935 1063 977; baseline -0.01 0"><span class='ocrx_word' id='word_1_43' title='bbox 854 935 1063 977; x_wconf 68' lang='lat' dir='ltr'>Testatus.-</span> 
     </span>
    </p>
   </div>
   <div class='ocr_carea' id='block_1_6' title="bbox 294 993 625 1052">
    <p class='ocr_par' dir='ltr' id='par_1_6' title="bbox 294 993 625 1052">
     <span class='ocr_line' id='line_1_8' title="bbox 294 993 625 1052; baseline -0.006 -10"><span class='ocrx_word' id='word_1_44' title='bbox 294 995 362 1042; x_wconf 84' lang='lat' dir='ltr'>Et</span> <span class='ocrx_word' id='word_1_45' title='bbox 393 993 476 1052; x_wconf 78' lang='lat' dir='ltr'>vl,</span> <span class='ocrx_word' id='word_1_46' title='bbox 510 994 625 1041; x_wconf 86' lang='lat'><strong>692.</strong></span> 
     </span>
    </p>
   </div>
   <div class='ocr_carea' id='block_1_7' title="bbox 849 1060 1621 1165">
    <p class='ocr_par' dir='ltr' id='par_1_7' title="bbox 849 1060 1621 1165">
     <span class='ocr_line' id='line_1_9' title="bbox 1123 1060 1621 1109; baseline 0.004 -12"><span class='ocrx_word' id='word_1_47' title='bbox 1123 1060 1292 1109; x_wconf 81' lang='lat' dir='ltr'>pollutas</span> <span class='ocrx_word' id='word_1_48' title='bbox 1323 1060 1490 1098; x_wconf 83' lang='lat' dir='ltr'>foederis</span> <span class='ocrx_word' id='word_1_49' title='bbox 1522 1072 1621 1099; x_wconf 66' lang='lat' dir='ltr'>Aius</span> 
     </span>
     <span class='ocr_line' id='line_1_10' title="bbox 849 1113 1314 1165; baseline -0.004 -12"><span class='ocrx_word' id='word_1_50' title='bbox 849 1114 1140 1165; x_wconf 83' lang='lat' dir='ltr'>Deceptumque</span> <span class='ocrx_word' id='word_1_51' title='bbox 1166 1113 1314 1152; x_wconf 76' lang='lat' dir='ltr'>Jorem.</span> 
     </span>
    </p>
   </div>
   <div class='ocr_carea' id='block_1_8' title="bbox 254 1189 2563 3369">
    <p class='ocr_par' dir='ltr' id='par_1_8' title="bbox 254 1189 2561 2754">
     <span class='ocr_line' id='line_1_11' title="bbox 296 1189 2542 1256; baseline 0 -13"><span class='ocrx_word' id='word_1_52' title='bbox 296 1196 417 1255; x_wconf 82' lang='lat' dir='ltr'>Quis</span> <span class='ocrx_word' id='word_1_53' title='bbox 465 1201 568 1241; x_wconf 88' lang='lat' dir='ltr'>tam</span> <span class='ocrx_word' id='word_1_54' title='bbox 611 1192 784 1256; x_wconf 89' lang='lat' dir='ltr'>inepte</span> <span class='ocrx_word' id='word_1_55' title='bbox 839 1190 1006 1239; x_wconf 84' lang='lat' dir='ltr'><strong>fautor</strong></span> <span class='ocrx_word' id='word_1_56' title='bbox 1044 1191 1283 1237; x_wconf 83' lang='lat' dir='ltr'>Veterum</span> <span class='ocrx_word' id='word_1_57' title='bbox 1327 1189 1650 1249; x_wconf 85' lang='lat' dir='ltr'><strong>Lectionum,</strong></span> <span class='ocrx_word' id='word_1_58' title='bbox 1694 1198 1753 1238; x_wconf 92' lang='lat' dir='ltr'>ut</span> <span class='ocrx_word' id='word_1_59' title='bbox 1794 1205 1897 1238; x_wconf 91' lang='lat' dir='ltr'>non</span> <span class='ocrx_word' id='word_1_60' title='bbox 1943 1192 2038 1240; x_wconf 89' lang='lat' dir='ltr'>hoc</span> <span class='ocrx_word' id='word_1_61' title='bbox 2077 1193 2349 1244; x_wconf 72' lang='lat' dir='ltr'>concedat?</span> <span class='ocrx_word' id='word_1_62' title='bbox 2391 1210 2542 1244; x_wconf 90' lang='lat' dir='ltr'>nemo</span> 
     </span>
     <span class='ocr_line' id='line_1_12' title="bbox 295 1258 2545 1323; baseline 0 -11"><span class='ocrx_word' id='word_1_63' title='bbox 295 1271 451 1322; x_wconf 86' lang='lat' dir='ltr'>certe3</span> <span class='ocrx_word' id='word_1_64' title='bbox 485 1262 586 1309; x_wconf 89' lang='lat' dir='ltr'>nisi</span> <span class='ocrx_word' id='word_1_65' title='bbox 621 1261 666 1308; x_wconf 90' lang='lat' dir='ltr'>si</span> <span class='ocrx_word' id='word_1_66' title='bbox 705 1260 815 1323; x_wconf 87' lang='lat' dir='ltr'>quis</span> <span class='ocrx_word' id='word_1_67' title='bbox 851 1267 957 1306; x_wconf 87' lang='lat' dir='ltr'>tam</span> <span class='ocrx_word' id='word_1_68' title='bbox 994 1258 1148 1306; x_wconf 89' lang='lat' dir='ltr'>durus</span> <span class='ocrx_word' id='word_1_69' title='bbox 1182 1259 1395 1321; x_wconf 86' lang='lat' dir='ltr'>reperiri</span> <span class='ocrx_word' id='word_1_70' title='bbox 1429 1267 1605 1322; x_wconf 86' lang='lat' dir='ltr'>queat,</span> <span class='ocrx_word' id='word_1_71' title='bbox 1651 1267 1709 1305; x_wconf 92' lang='lat' dir='ltr'>ut</span> <span class='ocrx_word' id='word_1_72' title='bbox 1742 1259 1962 1306; x_wconf 85' lang='lat' dir='ltr'>fateatur</span> <span class='ocrx_word' id='word_1_73' title='bbox 2007 1275 2062 1307; x_wconf 92' lang='lat' dir='ltr'>se</span> <span class='ocrx_word' id='word_1_74' title='bbox 2087 1262 2271 1310; x_wconf 62' lang='lat' dir='ltr'>Yetera</span> <span class='ocrx_word' id='word_1_75' title='bbox 2315 1271 2368 1311; x_wconf 92' lang='lat' dir='ltr'>et</span> <span class='ocrx_word' id='word_1_76' title='bbox 2391 1263 2545 1312; x_wconf 83' lang='lat' dir='ltr'>Falsa</span> 
     </span>
     <span class='ocr_line' id='line_1_13' title="bbox 295 1326 2543 1396; baseline 0.002 -21"><span class='ocrx_word' id='word_1_77' title='bbox 295 1347 447 1396; x_wconf 87' lang='lat' dir='ltr'>quam</span> <span class='ocrx_word' id='word_1_78' title='bbox 480 1329 722 1376; x_wconf 87' lang='lat' dir='ltr'>Recentia</span> <span class='ocrx_word' id='word_1_79' title='bbox 752 1336 804 1375; x_wconf 90' lang='lat' dir='ltr'>et</span> <span class='ocrx_word' id='word_1_80' title='bbox 840 1328 969 1375; x_wconf 87' lang='lat' dir='ltr'>Vera</span> <span class='ocrx_word' id='word_1_81' title='bbox 997 1326 1169 1374; x_wconf 90' lang='lat' dir='ltr'>malle:</span> <span class='ocrx_word' id='word_1_82' title='bbox 1206 1327 1346 1388; x_wconf 76' lang='lat' dir='ltr'>quus</span> <span class='ocrx_word' id='word_1_83' title='bbox 1372 1326 1760 1375; x_wconf 88' lang='lat' dir='ltr'>Sinisteritatem</span> <span class='ocrx_word' id='word_1_84' title='bbox 1788 1341 1880 1391; x_wconf 90' lang='lat' dir='ltr'>pro</span> <span class='ocrx_word' id='word_1_85' title='bbox 1910 1327 2105 1374; x_wconf 91' lang='lat' dir='ltr'>Judicio</span> <span class='ocrx_word' id='word_1_86' title='bbox 2137 1331 2413 1393; x_wconf 84' lang='lat' dir='ltr'><strong>suspicere,</strong></span> <span class='ocrx_word' id='word_1_87' title='bbox 2447 1347 2543 1379; x_wconf 90' lang='lat' dir='ltr'>nae</span> 
     </span>
     <span class='ocr_line' id='line_1_14' title="bbox 254 1394 2548 1460; baseline -0.001 -12"><span class='ocrx_word' id='word_1_88' title='bbox 254 1457 257 1460; x_wconf 25' lang='lat'><strong>¹</strong></span> <span class='ocrx_word' id='word_1_89' title='bbox 297 1407 433 1448; x_wconf 86' lang='lat' dir='ltr'>esset</span> <span class='ocrx_word' id='word_1_90' title='bbox 464 1398 706 1446; x_wconf 83' lang='lat' dir='ltr'>indicium</span> <span class='ocrx_word' id='word_1_91' title='bbox 741 1397 926 1444; x_wconf 90' lang='lat' dir='ltr'>mentis</span> <span class='ocrx_word' id='word_1_92' title='bbox 961 1397 1207 1452; x_wconf 86' lang='lat' dir='ltr'>infirmae,</span> <span class='ocrx_word' id='word_1_93' title='bbox 1244 1402 1296 1441; x_wconf 92' lang='lat' dir='ltr'>et</span> <span class='ocrx_word' id='word_1_94' title='bbox 1328 1394 1570 1442; x_wconf 72' lang='lat' dir='ltr'>Veritatis</span> <span class='ocrx_word' id='word_1_95' title='bbox 1603 1395 1820 1444; x_wconf 79' lang='lat' dir='ltr'>Numine</span> <span class='ocrx_word' id='word_1_96' title='bbox 1854 1410 2034 1458; x_wconf 88' lang='lat' dir='ltr'>parum</span> <span class='ocrx_word' id='word_1_97' title='bbox 2072 1403 2342 1444; x_wconf 85' lang='lat' dir='ltr'>contactae.</span> <span class='ocrx_word' id='word_1_98' title='bbox 2409 1400 2548 1457; x_wconf 80' lang='lat' dir='ltr'>„Re-</span> 
     </span>
     <span class='ocr_line' id='line_1_15' title="bbox 298 1462 2548 1528; baseline -0 -13"><span class='ocrx_word' id='word_1_99' title='bbox 298 1482 518 1526; x_wconf 84' lang='lat' dir='ltr'>„vereor</span> <span class='ocrx_word' id='word_1_100' title='bbox 536 1480 657 1513; x_wconf 91' lang='lat' dir='ltr'>sane</span> <span class='ocrx_word' id='word_1_101' title='bbox 678 1467 755 1528; x_wconf 90' lang='lat' dir='ltr'>(ut</span> <span class='ocrx_word' id='word_1_102' title='bbox 787 1466 873 1512; x_wconf 91' lang='lat' dir='ltr'>llle</span> <span class='ocrx_word' id='word_1_103' title='bbox 909 1466 998 1523; x_wconf 90' lang='lat' dir='ltr'>ait,</span> <span class='ocrx_word' id='word_1_104' title='bbox 1031 1463 1096 1511; x_wconf 89' lang='lat' dir='ltr'>ad</span> <span class='ocrx_word' id='word_1_105' title='bbox 1131 1463 1335 1513; x_wconf 85' lang='lat' dir='ltr'>Livium</span> <span class='ocrx_word' id='word_1_106' title='bbox 1370 1462 1546 1521; x_wconf 80' lang='lat' dir='ltr'>XXIV,</span> <span class='ocrx_word' id='word_1_107' title='bbox 1582 1465 1683 1528; x_wconf 84' lang='lat'>25.)</span> <span class='ocrx_word' id='word_1_108' title='bbox 1714 1463 1922 1510; x_wconf 84' lang='lat' dir='ltr'>Veteres</span> <span class='ocrx_word' id='word_1_109' title='bbox 1941 1463 2121 1511; x_wconf 91' lang='lat' dir='ltr'>Libros</span> <span class='ocrx_word' id='word_1_110' title='bbox 2132 1479 2145 1522; x_wconf 83' lang='lat'><em>3</em></span> <span class='ocrx_word' id='word_1_111' title='bbox 2178 1466 2253 1512; x_wconf 87' lang='lat' dir='ltr'>ita</span> <span class='ocrx_word' id='word_1_112' title='bbox 2286 1472 2458 1513; x_wconf 86' lang='lat' dir='ltr'>tamen</span> <span class='ocrx_word' id='word_1_113' title='bbox 2491 1476 2548 1514; x_wconf 93' lang='lat' dir='ltr'>ut</span> 
     </span>
     <span class='ocr_line' id='line_1_16' title="bbox 300 1530 2547 1597; baseline 0 -15"><span class='ocrx_word' id='word_1_114' title='bbox 300 1535 538 1594; x_wconf 85' lang='lat' dir='ltr'>„illorum</span> <span class='ocrx_word' id='word_1_115' title='bbox 585 1534 882 1596; x_wconf 84' lang='lat' dir='ltr'>scripturam</span> <span class='ocrx_word' id='word_1_116' title='bbox 921 1546 1176 1595; x_wconf 91' lang='lat' dir='ltr'>nunquam</span> <span class='ocrx_word' id='word_1_117' title='bbox 1214 1538 1534 1596; x_wconf 87' lang='lat' dir='ltr'>praevertam</span> <span class='ocrx_word' id='word_1_118' title='bbox 1571 1535 1620 1580; x_wconf 90' lang='lat' dir='ltr'>ei</span> <span class='ocrx_word' id='word_1_119' title='bbox 1655 1547 1805 1595; x_wconf 89' lang='lat' dir='ltr'>quam</span> <span class='ocrx_word' id='word_1_120' title='bbox 1835 1532 1974 1594; x_wconf 89' lang='lat' dir='ltr'>ipsos</span> <span class='ocrx_word' id='word_1_121' title='bbox 2022 1539 2251 1580; x_wconf 87' lang='lat' dir='ltr'>auctores</span> <span class='ocrx_word' id='word_1_122' title='bbox 2284 1530 2547 1597; x_wconf 86' lang='lat' dir='ltr'>reliquisse</span> 
     </span>
     <span class='ocr_line' id='line_1_17' title="bbox 300 1598 2550 1667; baseline -0 -17"><span class='ocrx_word' id='word_1_123' title='bbox 300 1601 582 1661; x_wconf 91' lang='lat' dir='ltr'>„credibile</span> <span class='ocrx_word' id='word_1_124' title='bbox 619 1608 753 1648; x_wconf 81' lang='lat' dir='ltr'>est.“</span> <span class='ocrx_word' id='word_1_125' title='bbox 790 1600 1002 1659; x_wconf 83' lang='lat' dir='ltr'>Quando</span> <span class='ocrx_word' id='word_1_126' title='bbox 1036 1601 1189 1661; x_wconf 85' lang='lat' dir='ltr'>igitur</span> <span class='ocrx_word' id='word_1_127' title='bbox 1223 1601 1278 1646; x_wconf 90' lang='lat' dir='ltr'>in</span> <span class='ocrx_word' id='word_1_128' title='bbox 1307 1606 1506 1646; x_wconf 76' lang='lat' dir='ltr'>textum</span> <span class='ocrx_word' id='word_1_129' title='bbox 1544 1600 1758 1648; x_wconf 89' lang='lat' dir='ltr'>admitto</span> <span class='ocrx_word' id='word_1_130' title='bbox 1795 1598 2218 1666; x_wconf 79' lang='lat' dir='ltr'>Parthenopeque</span> <span class='ocrx_word' id='word_1_131' title='bbox 2254 1616 2347 1665; x_wconf 93' lang='lat' dir='ltr'>pro</span> <span class='ocrx_word' id='word_1_132' title='bbox 2370 1602 2550 1667; x_wconf 67' lang='lat' dir='ltr'>Major</span> 
     </span>
     <span class='ocr_line' id='line_1_18' title="bbox 300 1667 2551 1734; baseline -0 -16"><span class='ocrx_word' id='word_1_133' title='bbox 300 1677 354 1718; x_wconf 78' lang='lat' dir='ltr'>et</span> <span class='ocrx_word' id='word_1_134' title='bbox 370 1671 502 1729; x_wconf 69' lang='lat' dir='ltr'>inde,</span> <span class='ocrx_word' id='word_1_135' title='bbox 544 1669 608 1715; x_wconf 69' lang='lat' dir='ltr'>Si</span> <span class='ocrx_word' id='word_1_136' title='bbox 621 1670 845 1733; x_wconf 72' lang='lat' dir='ltr'>conjunx</span> <span class='ocrx_word' id='word_1_137' title='bbox 863 1684 955 1733; x_wconf 92' lang='lat' dir='ltr'>pro</span> <span class='ocrx_word' id='word_1_138' title='bbox 984 1668 1124 1715; x_wconf 70' lang='lat' dir='ltr'>Silva</span> <span class='ocrx_word' id='word_1_139' title='bbox 1145 1684 1266 1725; x_wconf 82' lang='lat' dir='ltr'>mm,</span> <span class='ocrx_word' id='word_1_140' title='bbox 1298 1667 1480 1731; x_wconf 81' lang='lat' dir='ltr'>Meque</span> <span class='ocrx_word' id='word_1_141' title='bbox 1503 1667 1703 1715; x_wconf 72' lang='lat' dir='ltr'>habitus</span> <span class='ocrx_word' id='word_1_142' title='bbox 1732 1683 1990 1734; x_wconf 82' lang='lat' dir='ltr'>moresque</span> <span class='ocrx_word' id='word_1_143' title='bbox 2007 1683 2099 1731; x_wconf 93' lang='lat' dir='ltr'>pro</span> <span class='ocrx_word' id='word_1_144' title='bbox 2134 1667 2299 1731; x_wconf 74' lang='lat' dir='ltr'>Atque</span> <span class='ocrx_word' id='word_1_145' title='bbox 2328 1669 2427 1716; x_wconf 70' lang='lat' dir='ltr'>tibi</span> <span class='ocrx_word' id='word_1_146' title='bbox 2448 1685 2551 1717; x_wconf 81' lang='lat' dir='ltr'>mo-</span> 
     </span>
     <span class='ocr_line' id='line_1_19' title="bbox 298 1735 2551 1803; baseline 0 -18"><span class='ocrx_word' id='word_1_147' title='bbox 298 1755 491 1803; x_wconf 80' lang='lat' dir='ltr'>resque,</span> <span class='ocrx_word' id='word_1_148' title='bbox 522 1738 746 1785; x_wconf 62' lang='lat' dir='ltr'>lae-rimis</span> <span class='ocrx_word' id='word_1_149' title='bbox 779 1753 871 1801; x_wconf 91' lang='lat' dir='ltr'>pro</span> <span class='ocrx_word' id='word_1_150' title='bbox 907 1737 1078 1795; x_wconf 75' lang='lat' dir='ltr'>oculis,</span> <span class='ocrx_word' id='word_1_151' title='bbox 1113 1735 1375 1783; x_wconf 71' lang='lat' dir='ltr'>decorat-it</span> <span class='ocrx_word' id='word_1_152' title='bbox 1400 1752 1490 1800; x_wconf 89' lang='lat' dir='ltr'>pro</span> <span class='ocrx_word' id='word_1_153' title='bbox 1517 1736 1807 1801; x_wconf 73' lang='lat' dir='ltr'>peraravit,</span> <span class='ocrx_word' id='word_1_154' title='bbox 1857 1745 1909 1783; x_wconf 90' lang='lat' dir='ltr'>et</span> <span class='ocrx_word' id='word_1_155' title='bbox 1940 1735 2156 1784; x_wconf 86' lang='lat' dir='ltr'>Centum</span> <span class='ocrx_word' id='word_1_156' title='bbox 2190 1738 2291 1785; x_wconf 89' lang='lat' dir='ltr'>alia</span> <span class='ocrx_word' id='word_1_157' title='bbox 2323 1738 2551 1799; x_wconf 75' lang='lat' dir='ltr'>eJusdem</span> 
     </span>
     <span class='ocr_line' id='line_1_20' title="bbox 300 1805 2553 1867; baseline -0.001 -11"><span class='ocrx_word' id='word_1_158' title='bbox 300 1808 629 1856; x_wconf 78' lang='lat' dir='ltr'>audaciaezet</span> <span class='ocrx_word' id='word_1_159' title='bbox 655 1807 909 1865; x_wconf 81' lang='lat' dir='ltr'>veritatis3</span> <span class='ocrx_word' id='word_1_160' title='bbox 938 1807 1079 1864; x_wconf 88' lang='lat' dir='ltr'>scito,</span> <span class='ocrx_word' id='word_1_161' title='bbox 1115 1805 1311 1862; x_wconf 91' lang='lat' dir='ltr'>Lector,</span> <span class='ocrx_word' id='word_1_162' title='bbox 1339 1819 1422 1850; x_wconf 90' lang='lat' dir='ltr'>me</span> <span class='ocrx_word' id='word_1_163' title='bbox 1441 1805 1569 1852; x_wconf 90' lang='lat' dir='ltr'>adeo</span> <span class='ocrx_word' id='word_1_164' title='bbox 1592 1821 1694 1852; x_wconf 92' lang='lat' dir='ltr'>non</span> <span class='ocrx_word' id='word_1_165' title='bbox 1719 1811 1893 1867; x_wconf 89' lang='lat' dir='ltr'>petere</span> <span class='ocrx_word' id='word_1_166' title='bbox 1927 1805 2148 1862; x_wconf 85' lang='lat' dir='ltr'>veniam,</span> <span class='ocrx_word' id='word_1_167' title='bbox 2182 1812 2241 1851; x_wconf 91' lang='lat' dir='ltr'>ut</span> <span class='ocrx_word' id='word_1_168' title='bbox 2272 1806 2424 1853; x_wconf 89' lang='lat' dir='ltr'>etiam</span> <span class='ocrx_word' id='word_1_169' title='bbox 2458 1806 2553 1853; x_wconf 88' lang='lat' dir='ltr'>tibi</span> 
     </span>
     <span class='ocr_line' id='line_1_21' title="bbox 299 1871 2550 1940; baseline -0.001 -17"><span class='ocrx_word' id='word_1_170' title='bbox 299 1878 561 1940; x_wconf 88' lang='lat' dir='ltr'>imputem.</span> <span class='ocrx_word' id='word_1_171' title='bbox 642 1874 809 1938; x_wconf 88' lang='lat' dir='ltr'>Atque</span> <span class='ocrx_word' id='word_1_172' title='bbox 861 1876 1056 1922; x_wconf 90' lang='lat' dir='ltr'>utinam</span> <span class='ocrx_word' id='word_1_173' title='bbox 1096 1875 1207 1937; x_wconf 89' lang='lat' dir='ltr'>pari</span> <span class='ocrx_word' id='word_1_174' title='bbox 1244 1871 1558 1920; x_wconf 88' lang='lat' dir='ltr'>Certitudine</span> <span class='ocrx_word' id='word_1_175' title='bbox 1610 1875 1804 1938; x_wconf 83' lang='lat' dir='ltr'>(paene</span> <span class='ocrx_word' id='word_1_176' title='bbox 1839 1873 2225 1933; x_wconf 84' lang='lat' dir='ltr'>Mathematica)</span> <span class='ocrx_word' id='word_1_177' title='bbox 2276 1874 2332 1920; x_wconf 89' lang='lat' dir='ltr'>in</span> <span class='ocrx_word' id='word_1_178' title='bbox 2372 1875 2550 1922; x_wconf 91' lang='lat' dir='ltr'>ceteris</span> 
     </span>
     <span class='ocr_line' id='line_1_22' title="bbox 304 1939 2552 2007; baseline -0.001 -16"><span class='ocrx_word' id='word_1_179' title='bbox 304 1944 590 1992; x_wconf 83' lang='lat' dir='ltr'>difficilibus</span> <span class='ocrx_word' id='word_1_180' title='bbox 628 1944 750 1990; x_wconf 90' lang='lat' dir='ltr'>locis</span> <span class='ocrx_word' id='word_1_181' title='bbox 792 1944 988 1992; x_wconf 85' lang='lat' dir='ltr'>versari</span> <span class='ocrx_word' id='word_1_182' title='bbox 1034 1943 1338 2007; x_wconf 85' lang='lat' dir='ltr'>potuissem!</span> <span class='ocrx_word' id='word_1_183' title='bbox 1392 1943 1570 1988; x_wconf 86' lang='lat' dir='ltr'>omnia</span> <span class='ocrx_word' id='word_1_184' title='bbox 1602 1957 1702 1988; x_wconf 92' lang='lat' dir='ltr'>uno</span> <span class='ocrx_word' id='word_1_185' title='bbox 1748 1939 1925 1987; x_wconf 88' lang='lat' dir='ltr'>ordine</span> <span class='ocrx_word' id='word_1_186' title='bbox 1961 1941 2278 1998; x_wconf 89' lang='lat' dir='ltr'>habuissem,</span> <span class='ocrx_word' id='word_1_187' title='bbox 2326 1940 2552 1989; x_wconf 86' lang='lat' dir='ltr'>Catienis</span> 
     </span>
     <span class='ocr_line' id='line_1_23' title="bbox 299 2008 2552 2072; baseline -0.002 -12"><span class='ocrx_word' id='word_1_188' title='bbox 299 2013 439 2060; x_wconf 89' lang='lat' dir='ltr'>mille</span> <span class='ocrx_word' id='word_1_189' title='bbox 475 2012 702 2059; x_wconf 89' lang='lat' dir='ltr'>ducentis</span> <span class='ocrx_word' id='word_1_190' title='bbox 739 2012 1140 2059; x_wconf 87' lang='lat' dir='ltr'>reclamantibus.</span> <span class='ocrx_word' id='word_1_191' title='bbox 1219 2008 1352 2067; x_wconf 80' lang='lat' dir='ltr'>Quid</span> <span class='ocrx_word' id='word_1_192' title='bbox 1393 2011 1527 2056; x_wconf 88' lang='lat' dir='ltr'>enim</span> <span class='ocrx_word' id='word_1_193' title='bbox 1574 2011 1730 2057; x_wconf 85' lang='lat' dir='ltr'>refert</span> <span class='ocrx_word' id='word_1_194' title='bbox 1775 2024 1807 2056; x_wconf 91' lang='lat' dir='ltr'>a</span> <span class='ocrx_word' id='word_1_195' title='bbox 1842 2024 1940 2071; x_wconf 90' lang='lat' dir='ltr'>qua</span> <span class='ocrx_word' id='word_1_196' title='bbox 1971 2017 2114 2072; x_wconf 88' lang='lat' dir='ltr'>parte</span> <span class='ocrx_word' id='word_1_197' title='bbox 2149 2010 2348 2068; x_wconf 85' lang='lat' dir='ltr'>veniat,</span> <span class='ocrx_word' id='word_1_198' title='bbox 2399 2009 2552 2058; x_wconf 91' lang='lat' dir='ltr'>modo</span> 
     </span>
     <span class='ocr_line' id='line_1_24' title="bbox 300 2076 2557 2138; baseline -0.002 -9"><span class='ocrx_word' id='word_1_199' title='bbox 300 2082 525 2138; x_wconf 83' lang='lat' dir='ltr'>venerit,</span> <span class='ocrx_word' id='word_1_200' title='bbox 554 2079 789 2127; x_wconf 63' lang='lat' dir='ltr'>Veritas?</span> <span class='ocrx_word' id='word_1_201' title='bbox 841 2080 1019 2128; x_wconf 89' lang='lat' dir='ltr'>eadem</span> <span class='ocrx_word' id='word_1_202' title='bbox 1053 2086 1131 2126; x_wconf 91' lang='lat' dir='ltr'>est</span> <span class='ocrx_word' id='word_1_203' title='bbox 1165 2079 1303 2135; x_wconf 87' lang='lat' dir='ltr'>Dea,</span> <span class='ocrx_word' id='word_1_204' title='bbox 1349 2078 1457 2125; x_wconf 81' lang='lat' dir='ltr'>sive</span> <span class='ocrx_word' id='word_1_205' title='bbox 1495 2094 1525 2124; x_wconf 89' lang='lat' dir='ltr'>a</span> <span class='ocrx_word' id='word_1_206' title='bbox 1560 2094 1643 2126; x_wconf 92' lang='lat' dir='ltr'>me</span> <span class='ocrx_word' id='word_1_207' title='bbox 1681 2085 1732 2124; x_wconf 91' lang='lat' dir='ltr'>et</span> <span class='ocrx_word' id='word_1_208' title='bbox 1764 2076 1979 2134; x_wconf 89' lang='lat' dir='ltr'>Cruceo,</span> <span class='ocrx_word' id='word_1_209' title='bbox 2020 2078 2128 2125; x_wconf 86' lang='lat' dir='ltr'>sive</span> <span class='ocrx_word' id='word_1_210' title='bbox 2164 2076 2227 2124; x_wconf 90' lang='lat' dir='ltr'>ab</span> <span class='ocrx_word' id='word_1_211' title='bbox 2263 2077 2474 2125; x_wconf 89' lang='lat' dir='ltr'>Heinsio</span> <span class='ocrx_word' id='word_1_212' title='bbox 2504 2087 2557 2124; x_wconf 88' lang='lat' dir='ltr'>et</span> 
     </span>
     <span class='ocr_line' id='line_1_25' title="bbox 304 2145 2557 2212; baseline -0.001 -17"><span class='ocrx_word' id='word_1_213' title='bbox 304 2148 561 2198; x_wconf 86' lang='lat' dir='ltr'>Gronovio</span> <span class='ocrx_word' id='word_1_214' title='bbox 591 2149 644 2195; x_wconf 93' lang='lat' dir='ltr'>in</span> <span class='ocrx_word' id='word_1_215' title='bbox 678 2149 838 2196; x_wconf 91' lang='lat' dir='ltr'>lucem</span> <span class='ocrx_word' id='word_1_216' title='bbox 869 2149 1166 2212; x_wconf 88' lang='lat' dir='ltr'>proferatur.</span> <span class='ocrx_word' id='word_1_217' title='bbox 1201 2147 1301 2192; x_wconf 89' lang='lat' dir='ltr'>nisi</span> <span class='ocrx_word' id='word_1_218' title='bbox 1330 2145 1708 2209; x_wconf 86' lang='lat' dir='ltr'>nobismetipsis</span> <span class='ocrx_word' id='word_1_219' title='bbox 1737 2153 1842 2192; x_wconf 91' lang='lat' dir='ltr'>tam</span> <span class='ocrx_word' id='word_1_220' title='bbox 1877 2145 2103 2206; x_wconf 82' lang='lat' dir='ltr'>maligni,</span> <span class='ocrx_word' id='word_1_221' title='bbox 2146 2152 2198 2191; x_wconf 91' lang='lat' dir='ltr'>et</span> <span class='ocrx_word' id='word_1_222' title='bbox 2231 2146 2393 2208; x_wconf 88' lang='lat' dir='ltr'>iniqui</span> <span class='ocrx_word' id='word_1_223' title='bbox 2419 2145 2557 2207; x_wconf 75' lang='lat' dir='ltr'>Judi-</span> 
     </span>
     <span class='ocr_line' id='line_1_26' title="bbox 306 2213 2558 2280; baseline -0.001 -17"><span class='ocrx_word' id='word_1_224' title='bbox 306 2232 388 2264; x_wconf 87' lang='lat' dir='ltr'>ces</span> <span class='ocrx_word' id='word_1_225' title='bbox 423 2232 533 2264; x_wconf 91' lang='lat' dir='ltr'>esse</span> <span class='ocrx_word' id='word_1_226' title='bbox 568 2217 829 2275; x_wconf 86' lang='lat' dir='ltr'>volumus,</span> <span class='ocrx_word' id='word_1_227' title='bbox 868 2224 925 2263; x_wconf 91' lang='lat' dir='ltr'>ut</span> <span class='ocrx_word' id='word_1_228' title='bbox 959 2214 1094 2280; x_wconf 92' lang='lat' dir='ltr'>quod</span> <span class='ocrx_word' id='word_1_229' title='bbox 1131 2215 1194 2262; x_wconf 87' lang='lat' dir='ltr'>ab</span> <span class='ocrx_word' id='word_1_230' title='bbox 1231 2215 1342 2261; x_wconf 89' lang='lat' dir='ltr'>aliis</span> <span class='ocrx_word' id='word_1_231' title='bbox 1381 2214 1663 2277; x_wconf 89' lang='lat' dir='ltr'>profectum</span> <span class='ocrx_word' id='word_1_232' title='bbox 1708 2229 1799 2278; x_wconf 91' lang='lat' dir='ltr'>pro</span> <span class='ocrx_word' id='word_1_233' title='bbox 1842 2213 1968 2261; x_wconf 81' lang='lat' dir='ltr'>Vero</span> <span class='ocrx_word' id='word_1_234' title='bbox 2014 2213 2187 2260; x_wconf 89' lang='lat' dir='ltr'>statim</span> <span class='ocrx_word' id='word_1_235' title='bbox 2233 2214 2558 2278; x_wconf 85' lang='lat' dir='ltr'>amplectere·</span> 
     </span>
     <span class='ocr_line' id='line_1_27' title="bbox 305 2280 2559 2348; baseline 0 -18"><span class='ocrx_word' id='word_1_236' title='bbox 305 2299 449 2342; x_wconf 83' lang='lat' dir='ltr'>mur3</span> <span class='ocrx_word' id='word_1_237' title='bbox 483 2284 563 2340; x_wconf 92' lang='lat' dir='ltr'>id,</span> <span class='ocrx_word' id='word_1_238' title='bbox 599 2287 715 2348; x_wconf 88' lang='lat' dir='ltr'>quia</span> <span class='ocrx_word' id='word_1_239' title='bbox 749 2296 979 2332; x_wconf 87' lang='lat' dir='ltr'>nostrum</span> <span class='ocrx_word' id='word_1_240' title='bbox 1021 2290 1115 2341; x_wconf 89' lang='lat' dir='ltr'>cst,</span> <span class='ocrx_word' id='word_1_241' title='bbox 1150 2285 1285 2329; x_wconf 88' lang='lat' dir='ltr'>inter</span> <span class='ocrx_word' id='word_1_242' title='bbox 1319 2282 1492 2330; x_wconf 68' lang='lat' dir='ltr'>Dubia</span> <span class='ocrx_word' id='word_1_243' title='bbox 1526 2284 1824 2344; x_wconf 88' lang='lat' dir='ltr'>rejiciamus.</span> <span class='ocrx_word' id='word_1_244' title='bbox 1859 2297 1985 2345; x_wconf 90' lang='lat' dir='ltr'>quae</span> <span class='ocrx_word' id='word_1_245' title='bbox 2022 2281 2226 2344; x_wconf 89' lang='lat' dir='ltr'>quidem</span> <span class='ocrx_word' id='word_1_246' title='bbox 2260 2280 2559 2330; x_wconf 84' lang='lat' dir='ltr'>Diffidentia</span> 
     </span>
     <span class='ocr_line' id='line_1_28' title="bbox 305 2349 2559 2414; baseline -0.001 -15"><span class='ocrx_word' id='word_1_247' title='bbox 305 2366 338 2399; x_wconf 85' lang='lat' dir='ltr'>a</span> <span class='ocrx_word' id='word_1_248' title='bbox 365 2350 562 2398; x_wconf 88' lang='lat' dir='ltr'>Judicio</span> <span class='ocrx_word' id='word_1_249' title='bbox 600 2360 651 2397; x_wconf 92' lang='lat' dir='ltr'>et</span> <span class='ocrx_word' id='word_1_250' title='bbox 683 2367 806 2400; x_wconf 86' lang='lat' dir='ltr'>vero</span> <span class='ocrx_word' id='word_1_251' title='bbox 843 2353 1077 2399; x_wconf 87' lang='lat' dir='ltr'>Profectu</span> <span class='ocrx_word' id='word_1_252' title='bbox 1120 2366 1277 2414; x_wconf 90' lang='lat' dir='ltr'>aeque</span> <span class='ocrx_word' id='word_1_253' title='bbox 1313 2351 1459 2411; x_wconf 84' lang='lat' dir='ltr'>longe</span> <span class='ocrx_word' id='word_1_254' title='bbox 1494 2359 1690 2398; x_wconf 88' lang='lat' dir='ltr'>remota</span> <span class='ocrx_word' id='word_1_255' title='bbox 1726 2358 1830 2408; x_wconf 88' lang='lat' dir='ltr'>est,</span> <span class='ocrx_word' id='word_1_256' title='bbox 1867 2366 1924 2397; x_wconf 88' lang='lat' dir='ltr'>ac</span> <span class='ocrx_word' id='word_1_257' title='bbox 1955 2349 2257 2413; x_wconf 90' lang='lat' dir='ltr'>Oppositum</span> <span class='ocrx_word' id='word_1_258' title='bbox 2290 2351 2396 2412; x_wconf 89' lang='lat' dir='ltr'>ejus</span> <span class='ocrx_word' id='word_1_259' title='bbox 2442 2351 2559 2413; x_wconf 78' lang='grc' dir='ltr'><em>φιλ-</em></span> 
     </span>
     <span class='ocr_line' id='line_1_29' title="bbox 301 2418 2559 2482; baseline -0.002 -15"><span class='ocrx_word' id='word_1_260' title='bbox 301 2418 480 2467; x_wconf 79' lang='grc' dir='ltr'><em>αυτία.</em></span> <span class='ocrx_word' id='word_1_261' title='bbox 550 2420 695 2466; x_wconf 84' lang='lat' dir='ltr'>Haec</span> <span class='ocrx_word' id='word_1_262' title='bbox 737 2434 936 2481; x_wconf 90' lang='lat' dir='ltr'>semper</span> <span class='ocrx_word' id='word_1_263' title='bbox 978 2420 1074 2466; x_wconf 87' lang='lat' dir='ltr'>sibi</span> <span class='ocrx_word' id='word_1_264' title='bbox 1108 2419 1390 2482; x_wconf 83' lang='lat' dir='ltr'>applaudit3</span> <span class='ocrx_word' id='word_1_265' title='bbox 1424 2426 1491 2475; x_wconf 89' lang='lat' dir='ltr'>et,</span> <span class='ocrx_word' id='word_1_266' title='bbox 1527 2420 1642 2465; x_wconf 89' lang='lat' dir='ltr'>licet</span> <span class='ocrx_word' id='word_1_267' title='bbox 1657 2418 1907 2481; x_wconf 79' lang='lat' dir='ltr'>fallat-ur,</span> <span class='ocrx_word' id='word_1_268' title='bbox 1940 2433 2048 2464; x_wconf 91' lang='lat' dir='ltr'>rem</span> <span class='ocrx_word' id='word_1_269' title='bbox 2084 2418 2213 2464; x_wconf 89' lang='lat' dir='ltr'>bene</span> <span class='ocrx_word' id='word_1_270' title='bbox 2251 2426 2444 2479; x_wconf 83' lang='lat' dir='ltr'>gestam</span> <span class='ocrx_word' id='word_1_271' title='bbox 2472 2432 2559 2464; x_wconf 90' lang='lat' dir='ltr'>au-</span> 
     </span>
     <span class='ocr_line' id='line_1_30' title="bbox 308 2485 2561 2549; baseline -0.002 -15"><span class='ocrx_word' id='word_1_272' title='bbox 308 2494 497 2535; x_wconf 85' lang='lat' dir='ltr'>tumat:</span> <span class='ocrx_word' id='word_1_273' title='bbox 542 2487 644 2534; x_wconf 81' lang='lat' dir='ltr'>Illa</span> <span class='ocrx_word' id='word_1_274' title='bbox 688 2502 887 2549; x_wconf 88' lang='lat' dir='ltr'>semper</span> <span class='ocrx_word' id='word_1_275' title='bbox 920 2485 1111 2549; x_wconf 89' lang='lat' dir='ltr'>pendet</span> <span class='ocrx_word' id='word_1_276' title='bbox 1146 2494 1198 2531; x_wconf 90' lang='lat' dir='ltr'>et</span> <span class='ocrx_word' id='word_1_277' title='bbox 1231 2487 1438 2532; x_wconf 88' lang='lat' dir='ltr'>fluctuat</span> <span class='ocrx_word' id='word_1_278' title='bbox 1473 2488 1626 2532; x_wconf 85' lang='lat' dir='ltr'>etiam</span> <span class='ocrx_word' id='word_1_279' title='bbox 1658 2489 1714 2532; x_wconf 91' lang='lat' dir='ltr'>in</span> <span class='ocrx_word' id='word_1_280' title='bbox 1741 2486 1887 2532; x_wconf 58' lang='lat' dir='ltr'>veris.</span> <span class='ocrx_word' id='word_1_281' title='bbox 1925 2493 2057 2532; x_wconf 90' lang='lat' dir='ltr'>certe</span> <span class='ocrx_word' id='word_1_282' title='bbox 2095 2492 2265 2532; x_wconf 86' lang='lat' dir='ltr'>autem</span> <span class='ocrx_word' id='word_1_283' title='bbox 2306 2493 2410 2532; x_wconf 88' lang='lat' dir='ltr'>tam</span> <span class='ocrx_word' id='word_1_284' title='bbox 2445 2500 2561 2547; x_wconf 88' lang='lat' dir='ltr'>pec-</span> 
     </span>
     <span class='ocr_line' id='line_1_31' title="bbox 308 2551 2560 2618; baseline -0.003 -14"><span class='ocrx_word' id='word_1_285' title='bbox 308 2563 389 2604; x_wconf 91' lang='lat' dir='ltr'>cat</span> <span class='ocrx_word' id='word_1_286' title='bbox 420 2555 506 2618; x_wconf 91' lang='lat' dir='ltr'>qui</span> <span class='ocrx_word' id='word_1_287' title='bbox 539 2554 681 2603; x_wconf 70' lang='lat' dir='ltr'>Nihil</span> <span class='ocrx_word' id='word_1_288' title='bbox 709 2553 870 2602; x_wconf 89' lang='lat' dir='ltr'>credit</span> <span class='ocrx_word' id='word_1_289' title='bbox 906 2569 1055 2617; x_wconf 91' lang='lat' dir='ltr'>quam</span> <span class='ocrx_word' id='word_1_290' title='bbox 1092 2554 1176 2617; x_wconf 93' lang='lat' dir='ltr'>qui</span> <span class='ocrx_word' id='word_1_291' title='bbox 1235 2551 1417 2599; x_wconf 75' lang='lat' dir='ltr'>Omnia</span> <span class='ocrx_word' id='word_1_292' title='bbox 1427 2571 1445 2599; x_wconf 92' lang='lat'>.·</span> <span class='ocrx_word' id='word_1_293' title='bbox 1492 2560 1543 2598; x_wconf 87' lang='lat' dir='ltr'>et</span> <span class='ocrx_word' id='word_1_294' title='bbox 1577 2554 1622 2599; x_wconf 88' lang='lat' dir='ltr'>si</span> <span class='ocrx_word' id='word_1_295' title='bbox 1662 2553 1724 2599; x_wconf 88' lang='lat' dir='ltr'>ab</span> <span class='ocrx_word' id='word_1_296' title='bbox 1760 2553 2000 2598; x_wconf 89' lang='lat' dir='ltr'>alterutro</span> <span class='ocrx_word' id='word_1_297' title='bbox 2035 2553 2201 2616; x_wconf 90' lang='lat' dir='ltr'>perire</span> <span class='ocrx_word' id='word_1_298' title='bbox 2234 2567 2439 2599; x_wconf 88' lang='lat' dir='ltr'>necesse</span> <span class='ocrx_word' id='word_1_299' title='bbox 2476 2553 2560 2610; x_wconf 92' lang='lat' dir='ltr'>sit,</span> 
     </span>
     <span class='ocr_line' id='line_1_32' title="bbox 307 2618 2559 2686; baseline -0.001 -16"><span class='ocrx_word' id='word_1_300' title='bbox 307 2623 498 2671; x_wconf 87' lang='lat' dir='ltr'>felicior</span> <span class='ocrx_word' id='word_1_301' title='bbox 532 2623 735 2673; x_wconf 89' lang='lat' dir='ltr'>videtur</span> <span class='ocrx_word' id='word_1_302' title='bbox 764 2637 871 2669; x_wconf 90' lang='lat' dir='ltr'>sors</span> <span class='ocrx_word' id='word_1_303' title='bbox 914 2622 1069 2686; x_wconf 70' lang='lat' dir='ltr'>Cope&#39;d</span> <span class='ocrx_word' id='word_1_304' title='bbox 1103 2636 1252 2684; x_wconf 90' lang='lat' dir='ltr'>quam</span> <span class='ocrx_word' id='word_1_305' title='bbox 1276 2620 1426 2682; x_wconf 81' lang='lat' dir='ltr'>fame</span> <span class='ocrx_word' id='word_1_306' title='bbox 1454 2621 1788 2683; x_wconf 77' lang='lat' dir='ltr'>pereuntium.</span> <span class='ocrx_word' id='word_1_307' title='bbox 1861 2618 1964 2666; x_wconf 90' lang='lat' dir='ltr'>Sed</span> <span class='ocrx_word' id='word_1_308' title='bbox 1997 2618 2221 2667; x_wconf 89' lang='lat' dir='ltr'>mediam</span> <span class='ocrx_word' id='word_1_309' title='bbox 2256 2620 2396 2668; x_wconf 86' lang='lat' dir='ltr'>viam</span> <span class='ocrx_word' id='word_1_310' title='bbox 2437 2620 2559 2667; x_wconf 88' lang='lat' dir='ltr'>insi·</span> 
     </span>
     <span class='ocr_line' id='line_1_33' title="bbox 310 2686 2209 2754; baseline -0.003 -16"><span class='ocrx_word' id='word_1_311' title='bbox 310 2694 398 2740; x_wconf 91' lang='lat' dir='ltr'>stit</span> <span class='ocrx_word' id='word_1_312' title='bbox 424 2689 697 2750; x_wconf 83' lang='lat' dir='ltr'>Judicium3</span> <span class='ocrx_word' id='word_1_313' title='bbox 741 2706 904 2754; x_wconf 89' lang='lat' dir='ltr'>neque</span> <span class='ocrx_word' id='word_1_314' title='bbox 938 2692 1070 2737; x_wconf 85' lang='lat' dir='ltr'>ultra</span> <span class='ocrx_word' id='word_1_315' title='bbox 1097 2689 1284 2735; x_wconf 85' lang='lat' dir='ltr'>Verum</span> <span class='ocrx_word' id='word_1_316' title='bbox 1315 2687 1646 2752; x_wconf 88' lang='lat' dir='ltr'>progreditur,</span> <span class='ocrx_word' id='word_1_317' title='bbox 1676 2702 1838 2750; x_wconf 92' lang='lat' dir='ltr'>neque</span> <span class='ocrx_word' id='word_1_318' title='bbox 1875 2689 1999 2734; x_wconf 90' lang='lat' dir='ltr'>citra</span> <span class='ocrx_word' id='word_1_319' title='bbox 2031 2686 2209 2734; x_wconf 87' lang='lat' dir='ltr'>deficit.</span> 
     </span>
    </p>

    <p class='ocr_par' dir='ltr' id='par_1_9' title="bbox 310 2753 2563 3369">
     <span class='ocr_line' id='line_1_34' title="bbox 516 2753 2561 2820; baseline -0.002 -14"><span class='ocrx_word' id='word_1_320' title='bbox 516 2760 629 2807; x_wconf 89' lang='lat' dir='ltr'>Non</span> <span class='ocrx_word' id='word_1_321' title='bbox 664 2768 834 2807; x_wconf 89' lang='lat' dir='ltr'>tamen</span> <span class='ocrx_word' id='word_1_322' title='bbox 862 2759 989 2806; x_wconf 89' lang='lat' dir='ltr'>mihi</span> <span class='ocrx_word' id='word_1_323' title='bbox 1024 2759 1079 2805; x_wconf 87' lang='lat' dir='ltr'>in</span> <span class='ocrx_word' id='word_1_324' title='bbox 1113 2757 1207 2804; x_wconf 90' lang='lat' dir='ltr'>hac</span> <span class='ocrx_word' id='word_1_325' title='bbox 1241 2764 1384 2820; x_wconf 85' lang='lat' dir='ltr'>parte</span> <span class='ocrx_word' id='word_1_326' title='bbox 1417 2755 1775 2818; x_wconf 90' lang='lat' dir='ltr'>Conjecturali,</span> <span class='ocrx_word' id='word_1_327' title='bbox 1823 2771 1949 2819; x_wconf 91' lang='lat' dir='ltr'>quae</span> <span class='ocrx_word' id='word_1_328' title='bbox 1986 2757 2161 2819; x_wconf 91' lang='lat' dir='ltr'>cuique</span> <span class='ocrx_word' id='word_1_329' title='bbox 2195 2756 2423 2803; x_wconf 78' lang='lat' dir='ltr'>maxime</span> <span class='ocrx_word' id='word_1_330' title='bbox 2473 2753 2561 2802; x_wconf 89' lang='lat' dir='ltr'>ad·</span> 
     </span>
     <span class='ocr_line' id='line_1_35' title="bbox 310 2823 2561 2891; baseline -0.002 -17"><span class='ocrx_word' id='word_1_331' title='bbox 310 2828 581 2885; x_wconf 81' lang='lat' dir='ltr'>blanditur,</span> <span class='ocrx_word' id='word_1_332' title='bbox 617 2843 815 2891; x_wconf 84' lang='lat' dir='ltr'>semper</span> <span class='ocrx_word' id='word_1_333' title='bbox 834 2827 1048 2874; x_wconf 91' lang='lat' dir='ltr'>indulsi:</span> <span class='ocrx_word' id='word_1_334' title='bbox 1086 2825 1178 2874; x_wconf 91' lang='lat' dir='ltr'>sed</span> <span class='ocrx_word' id='word_1_335' title='bbox 1213 2825 1494 2888; x_wconf 88' lang='lat' dir='ltr'>ubicunque</span> <span class='ocrx_word' id='word_1_336' title='bbox 1531 2832 1640 2871; x_wconf 86' lang='lat' dir='ltr'>erat</span> <span class='ocrx_word' id='word_1_337' title='bbox 1672 2823 1973 2872; x_wconf 87' lang='lat' dir='ltr'>dubitationi</span> <span class='ocrx_word' id='word_1_338' title='bbox 2006 2825 2170 2881; x_wconf 91' lang='lat' dir='ltr'>locus,</span> <span class='ocrx_word' id='word_1_339' title='bbox 2208 2823 2561 2885; x_wconf 89' lang='lat' dir='ltr'>Conjecturam</span> 
     </span>
     <span class='ocr_line' id='line_1_36' title="bbox 312 2892 2560 2959; baseline -0.003 -17"><span class='ocrx_word' id='word_1_340' title='bbox 312 2895 381 2943; x_wconf 89' lang='lat' dir='ltr'>ad</span> <span class='ocrx_word' id='word_1_341' title='bbox 405 2897 561 2941; x_wconf 90' lang='lat' dir='ltr'>imam</span> <span class='ocrx_word' id='word_1_342' title='bbox 586 2898 822 2957; x_wconf 79' lang='lat' dir='ltr'>paginam</span> <span class='ocrx_word' id='word_1_343' title='bbox 850 2896 1143 2959; x_wconf 84' lang='lat' dir='ltr'>plerumque</span> <span class='ocrx_word' id='word_1_344' title='bbox 1174 2893 1391 2940; x_wconf 86' lang='lat' dir='ltr'>detrusi:</span> <span class='ocrx_word' id='word_1_345' title='bbox 1422 2892 1557 2939; x_wconf 92' lang='lat' dir='ltr'>unde</span> <span class='ocrx_word' id='word_1_346' title='bbox 1587 2900 1732 2956; x_wconf 89' lang='lat' dir='ltr'>petas</span> <span class='ocrx_word' id='word_1_347' title='bbox 1768 2892 1899 2950; x_wconf 90' lang='lat' dir='ltr'>licet,</span> <span class='ocrx_word' id='word_1_348' title='bbox 1929 2894 1972 2939; x_wconf 92' lang='lat' dir='ltr'>si</span> <span class='ocrx_word' id='word_1_349' title='bbox 2003 2906 2105 2939; x_wconf 92' lang='lat' dir='ltr'>non</span> <span class='ocrx_word' id='word_1_350' title='bbox 2129 2893 2298 2957; x_wconf 89' lang='lat' dir='ltr'>ipsum</span> <span class='ocrx_word' id='word_1_351' title='bbox 2326 2892 2560 2947; x_wconf 86' lang='lat' dir='ltr'>Statium,</span> 
     </span>
     <span class='ocr_line' id='line_1_37' title="bbox 313 2959 2561 3025; baseline -0.004 -13"><span class='ocrx_word' id='word_1_352' title='bbox 313 2963 529 3012; x_wconf 90' lang='lat' dir='ltr'>Sensum</span> <span class='ocrx_word' id='word_1_353' title='bbox 565 2971 736 3010; x_wconf 90' lang='lat' dir='ltr'>tamen</span> <span class='ocrx_word' id='word_1_354' title='bbox 768 2963 971 3024; x_wconf 86' lang='lat' dir='ltr'>vulgato</span> <span class='ocrx_word' id='word_1_355' title='bbox 1015 2964 1291 3025; x_wconf 88' lang='lat' dir='ltr'>potiorem,</span> <span class='ocrx_word' id='word_1_356' title='bbox 1338 2969 1389 3008; x_wconf 93' lang='lat' dir='ltr'>et</span> <span class='ocrx_word' id='word_1_357' title='bbox 1437 2961 1574 3022; x_wconf 78' lang='lat' dir='ltr'>cujfls</span> <span class='ocrx_word' id='word_1_358' title='bbox 1613 2962 1669 3007; x_wconf 92' lang='lat' dir='ltr'>in</span> <span class='ocrx_word' id='word_1_359' title='bbox 1703 2959 1848 3007; x_wconf 82' lang='lat' dir='ltr'>Notis</span> <span class='ocrx_word' id='word_1_360' title='bbox 1882 2962 2129 3007; x_wconf 88' lang='lat' dir='ltr'>rationem</span> <span class='ocrx_word' id='word_1_361' title='bbox 2165 2959 2403 3016; x_wconf 88' lang='lat' dir='ltr'>reddam;</span> <span class='ocrx_word' id='word_1_362' title='bbox 2437 2971 2561 3022; x_wconf 87' lang='lat' dir='ltr'>quas</span> 
     </span>
     <span class='ocr_line' id='line_1_38' title="bbox 314 3023 2563 3096; baseline -0.003 -17"><span class='ocrx_word' id='word_1_363' title='bbox 314 3032 431 3096; x_wconf 90' lang='lat' dir='ltr'>quia</span> <span class='ocrx_word' id='word_1_364' title='bbox 459 3046 562 3078; x_wconf 91' lang='lat' dir='ltr'>non</span> <span class='ocrx_word' id='word_1_365' title='bbox 595 3031 753 3077; x_wconf 89' lang='lat' dir='ltr'>otium</span> <span class='ocrx_word' id='word_1_366' title='bbox 790 3038 878 3076; x_wconf 88' lang='lat' dir='ltr'>aut</span> <span class='ocrx_word' id='word_1_367' title='bbox 912 3033 1110 3078; x_wconf 88' lang='lat' dir='ltr'>animus</span> <span class='ocrx_word' id='word_1_368' title='bbox 1141 3030 1234 3077; x_wconf 86' lang='lat' dir='ltr'>tibi</span> <span class='ocrx_word' id='word_1_369' title='bbox 1274 3031 1403 3076; x_wconf 88' lang='lat' dir='ltr'>forte</span> <span class='ocrx_word' id='word_1_370' title='bbox 1440 3029 1591 3075; x_wconf 89' lang='lat' dir='ltr'>fuerit</span> <span class='ocrx_word' id='word_1_371' title='bbox 1618 3028 1938 3086; x_wconf 90' lang='lat' dir='ltr'>consulendi,</span> <span class='ocrx_word' id='word_1_372' title='bbox 1978 3028 2131 3075; x_wconf 89' lang='lat' dir='ltr'>statui</span> <span class='ocrx_word' id='word_1_373' title='bbox 2166 3027 2260 3072; x_wconf 95' lang='lat' dir='ltr'>hoc</span> <span class='ocrx_word' id='word_1_374' title='bbox 2289 3032 2437 3088; x_wconf 89' lang='lat' dir='ltr'>pacto</span> <span class='ocrx_word' id='word_1_375' title='bbox 2474 3023 2563 3073; x_wconf 85' lang='lat' dir='ltr'>de-</span> 
     </span>
     <span class='ocr_line' id='line_1_39' title="bbox 316 3097 2562 3154; baseline -0.003 -7"><span class='ocrx_word' id='word_1_376' title='bbox 316 3099 482 3148; x_wconf 90' lang='lat' dir='ltr'>cidere</span> <span class='ocrx_word' id='word_1_377' title='bbox 530 3114 641 3147; x_wconf 90' lang='lat' dir='ltr'>cum</span> <span class='ocrx_word' id='word_1_378' title='bbox 680 3098 870 3144; x_wconf 87' lang='lat' dir='ltr'>deliciis</span> <span class='ocrx_word' id='word_1_379' title='bbox 905 3106 958 3144; x_wconf 82' lang='lat' dir='ltr'>et</span> <span class='ocrx_word' id='word_1_380' title='bbox 992 3098 1198 3144; x_wconf 88' lang='lat' dir='ltr'>fastidio</span> <span class='ocrx_word' id='word_1_381' title='bbox 1243 3104 1344 3143; x_wconf 93' lang='lat' dir='ltr'>tuo.</span> <span class='ocrx_word' id='word_1_382' title='bbox 1412 3098 1578 3143; x_wconf 82' lang='lat' dir='ltr'>Extra</span> <span class='ocrx_word' id='word_1_383' title='bbox 1622 3097 1716 3142; x_wconf 90' lang='lat' dir='ltr'>hos</span> <span class='ocrx_word' id='word_1_384' title='bbox 1757 3097 1881 3141; x_wconf 88' lang='lat' dir='ltr'>fines</span> <span class='ocrx_word' id='word_1_385' title='bbox 1921 3097 1964 3142; x_wconf 91' lang='lat' dir='ltr'>si</span> <span class='ocrx_word' id='word_1_386' title='bbox 2003 3109 2084 3141; x_wconf 91' lang='lat' dir='ltr'>me</span> <span class='ocrx_word' id='word_1_387' title='bbox 2132 3101 2431 3154; x_wconf 82' lang='lat' dir='ltr'>evagantem</span> <span class='ocrx_word' id='word_1_388' title='bbox 2468 3107 2562 3140; x_wconf 89' lang='lat' dir='ltr'>un-</span> 
     </span>
     <span class='ocr_line' id='line_1_40' title="bbox 316 3160 2563 3232; baseline -0.003 -16"><span class='ocrx_word' id='word_1_389' title='bbox 316 3182 465 3232; x_wconf 90' lang='lat' dir='ltr'>quam</span> <span class='ocrx_word' id='word_1_390' title='bbox 504 3166 920 3232; x_wconf 89' lang='lat' dir='ltr'>deprehenderis,</span> <span class='ocrx_word' id='word_1_391' title='bbox 968 3165 1187 3226; x_wconf 86' lang='lat' dir='ltr'>injicias,</span> <span class='ocrx_word' id='word_1_392' title='bbox 1222 3177 1433 3226; x_wconf 90' lang='lat' dir='ltr'>quaeso,</span> <span class='ocrx_word' id='word_1_393' title='bbox 1469 3178 1705 3219; x_wconf 91' lang='lat' dir='ltr'>manum,</span> <span class='ocrx_word' id='word_1_394' title='bbox 1747 3169 1799 3208; x_wconf 91' lang='lat' dir='ltr'>et</span> <span class='ocrx_word' id='word_1_395' title='bbox 1830 3163 1885 3208; x_wconf 92' lang='lat' dir='ltr'>in</span> <span class='ocrx_word' id='word_1_396' title='bbox 1918 3163 2057 3210; x_wconf 79' lang='lat' dir='ltr'>viam</span> <span class='ocrx_word' id='word_1_397' title='bbox 2090 3160 2326 3219; x_wconf 86' lang='lat' dir='ltr'>reducas3</span> <span class='ocrx_word' id='word_1_398' title='bbox 2382 3161 2563 3209; x_wconf 88' lang='lat' dir='ltr'>leniter</span> 
     </span>
     <span class='ocr_line' id='line_1_41' title="bbox 317 3229 2562 3295; baseline -0.003 -12"><span class='ocrx_word' id='word_1_399' title='bbox 317 3244 489 3284; x_wconf 84' lang='lat' dir='ltr'>tamen</span> <span class='ocrx_word' id='word_1_400' title='bbox 518 3245 569 3282; x_wconf 92' lang='lat' dir='ltr'>et</span> <span class='ocrx_word' id='word_1_401' title='bbox 602 3237 710 3283; x_wconf 90' lang='lat' dir='ltr'>sine</span> <span class='ocrx_word' id='word_1_402' title='bbox 746 3234 1033 3291; x_wconf 86' lang='lat' dir='ltr'>acerbitate,</span> <span class='ocrx_word' id='word_1_403' title='bbox 1063 3239 1214 3295; x_wconf 89' lang='lat' dir='ltr'>prout</span> <span class='ocrx_word' id='word_1_404' title='bbox 1246 3230 1391 3279; x_wconf 90' lang='lat' dir='ltr'>decet</span> <span class='ocrx_word' id='word_1_405' title='bbox 1428 3231 1686 3278; x_wconf 87' lang='lat' dir='ltr'>Musarum</span> <span class='ocrx_word' id='word_1_406' title='bbox 1720 3245 1824 3276; x_wconf 89' lang='lat' dir='ltr'>non</span> <span class='ocrx_word' id='word_1_407' title='bbox 1857 3230 2026 3276; x_wconf 92' lang='lat' dir='ltr'>Duelli</span> <span class='ocrx_word' id='word_1_408' title='bbox 2062 3237 2114 3276; x_wconf 88' lang='lat' dir='ltr'>et</span> <span class='ocrx_word' id='word_1_409' title='bbox 2140 3229 2436 3277; x_wconf 90' lang='lat' dir='ltr'>Discordiae</span> <span class='ocrx_word' id='word_1_410' title='bbox 2482 3244 2562 3277; x_wconf 89' lang='lat' dir='ltr'>sa-</span> 
     </span>
     <span class='ocr_line' id='line_1_42' title="bbox 319 3298 2560 3369; baseline -0.004 -17"><span class='ocrx_word' id='word_1_411' title='bbox 319 3306 414 3352; x_wconf 87' lang='lat' dir='ltr'>cris</span> <span class='ocrx_word' id='word_1_412' title='bbox 447 3311 692 3369; x_wconf 90' lang='lat' dir='ltr'>operatos.</span> <span class='ocrx_word' id='word_1_413' title='bbox 726 3318 888 3367; x_wconf 83' lang='lat' dir='ltr'>neque</span> <span class='ocrx_word' id='word_1_414' title='bbox 925 3302 1086 3359; x_wconf 92' lang='lat' dir='ltr'>enim,</span> <span class='ocrx_word' id='word_1_415' title='bbox 1130 3301 1173 3348; x_wconf 91' lang='lat' dir='ltr'>si</span> <span class='ocrx_word' id='word_1_416' title='bbox 1204 3299 1443 3350; x_wconf 90' lang='lat' dir='ltr'>calculum</span> <span class='ocrx_word' id='word_1_417' title='bbox 1478 3307 1612 3348; x_wconf 90' lang='lat' dir='ltr'>recte</span> <span class='ocrx_word' id='word_1_418' title='bbox 1646 3313 1833 3364; x_wconf 86' lang='lat' dir='ltr'>ponas,</span> <span class='ocrx_word' id='word_1_419' title='bbox 1868 3299 1998 3347; x_wconf 89' lang='lat' dir='ltr'>tanti</span> <span class='ocrx_word' id='word_1_420' title='bbox 2033 3305 2151 3346; x_wconf 90' lang='lat' dir='ltr'>sunt</span> <span class='ocrx_word' id='word_1_421' title='bbox 2184 3298 2560 3346; x_wconf 88' lang='lat' dir='ltr'>allucinationes</span> 
     </span>
    </p>
   </div>
   <div class='ocr_carea' id='block_1_9' title="bbox 1922 3377 2009 3423">
    <p class='ocr_par' dir='ltr' id='par_1_10' title="bbox 1922 3377 2009 3423">
     <span class='ocr_line' id='line_1_43' title="bbox 1922 3377 2009 3423; baseline 0.011 -1"><span class='ocrx_word' id='word_1_422' title='bbox 1922 3377 1951 3423; x_wconf 81' lang='lat' dir='ltr'>b</span> <span class='ocrx_word' id='word_1_423' title='bbox 1982 3378 2009 3404; x_wconf 87' lang='lat'><strong>*</strong></span> 
     </span>
    </p>
   </div>
  </div>
 </body>
</html>
