2892 3840
869 351 1741 422 1ειιηιιιιιυιιῑιιιιῐ.
2419 380 2489 426 27

235 508 372 570 Quas
403 520 643 574 praeceps
673 504 867 560 Anien,
899 506 1049 562 atque
1079 499 1356 558 exceptura
1380 497 1584 538 natatus
2418 503 2485 550 25

232 597 385 661 vitgo
409 598 584 661 juvat,
611 594 902 656 Marsasque
930 588 1076 636 nives
1113 590 1167 631 et
1194 582 1382 644 frigora
1415 580 1603 628 ducens

232 689 448 747 Marcia,
478 685 747 752 praecelsis
780 693 991 746 quarum
1018 688 1151 737 vaga
1183 671 1401 719 molibus
1437 669 1575 718 unda

234 776 426 835 Cessit,
454 784 508 824 et
535 776 799 822 innumero
825 768 1052 837 pendens
1080 761 1440 812 transmittitur
1474 774 1607 817 arcu,

231 869 469 917 Vestrum
498 880 624 931 opus
655 862 996 927 aggredimur3
1031 862 1203 905 vestra
1233 860 1312 900 est
1339 867 1488 915 quam
1525 851 1743 898 carmine
1777 854 1913 900 molli

230 957 406 1007 Pando
435 957 629 1005 domus.
696 967 800 999 non
828 961 1049 1013 unquam
1079 945 1191 992 aliis
1218 942 1484 990 habitastis
1517 942 1572 988 in
1604 942 1759 989 antris
2417 954 2487 1001 30

232 1048 416 1096 Ditius.
483 1046 597 1108 ipsa
627 1055 807 1089 manus
836 1038 999 1086 tenuit
1030 1033 1282 1093 Cytherea
1311 1031 1498 1086 mariti,

232 1133 629 1195 Monstravitque
652 1136 813 1178 artes:
847 1139 948 1173 neu
977 1123 1095 1172 vilis
1122 1122 1325 1168 flamma
1357 1120 1580 1166 caminos

233 1223 436 1280 Ureret,
463 1223 577 1286 ipsa
604 1221 739 1268 faces
773 1217 1035 1268 volucrum
1064 1210 1320 1259 succendit
1347 1209 1608 1257 Amorum.

230 1312 346 1361 Non
372 1312 467 1359 huc
494 1310 745 1358 admissae
773 1307 994 1363 Thasos,
1029 1310 1118 1350 aut
1143 1301 1341 1348 undosa
1376 1299 1643 1361 Carystos;

230 1403 426 1450 Moeret
453 1414 596 1461 onyx
621 1399 765 1460 longe
780 1431 794 1455 ,
825 1395 1143 1460 queriturque
1174 1391 1412 1438 exclusus
1450 1389 1672 1453 ophites:
2414 1403 2483 1448 35

232 1492 351 1540 Sola
382 1491 512 1537 nitet
535 1489 680 1536 flavis
709 1484 996 1534 Nomadum
1030 1481 1200 1529 decisa
1231 1480 1450 1528 metallis

231 1582 484 1645 Purpura,
510 1578 618 1626 sola
650 1592 773 1626 cavo
803 1576 1050 1636 Phrygiae
1081 1587 1233 1636 quam
1264 1569 1533 1632 Synnados
1571 1576 1715 1617 antro

230 1671 343 1735 Ipse
371 1669 652 1717 cruentavit
682 1665 891 1714 maculis
918 1663 1191 1713 liventibus
1218 1662 1400 1723 Attys:

234 1760 465 1824 Quasque
496 1759 661 1820 Tyrus
693 1760 872 1807 niveas
910 1763 1072 1812 secat,
1107 1762 1159 1802 et
1195 1754 1404 1803 Sidonia
1435 1767 1600 1816 rupes.

232 1850 339 1898 vix
361 1851 497 1897 locus
527 1849 773 1905 Eurotae,
809 1847 988 1895 viridis
1027 1861 1140 1893 cum
1174 1845 1347 1906 regula
1375 1844 1524 1905 longo
2419 1854 2487 1898 40

234 1940 476 2003 Synnada
510 1939 749 1987 distinctu
782 1939 961 1987 variat.
1031 1951 1135 1983 non
1163 1937 1339 1983 limina
1367 1941 1580 1989 cessant,

232 2030 483 2092 Effulgent
510 2043 763 2084 camerae,
796 2029 940 2075 vario
970 2027 1173 2089 fastigia
1204 2027 1339 2075 vitro

235 2119 294 2166 In
326 2121 516 2182 species
547 2119 838 2181 animosque
868 2119 1046 2164 nitent.
1116 2123 1285 2179 stupet
1311 2117 1421 2177 ipse
1451 2113 1625 2159 beatas

236 2206 617 2270 circumplexus
649 2221 797 2269 opes,
826 2213 878 2252 et
910 2207 1107 2269 parcius
1142 2208 1359 2269 imperat
1387 2203 1533 2265 ignis.

233 2297 420 2344 Multus
450 2295 633 2358 ubique
665 2294 799 2351 dies,
834 2294 990 2341 radiis
1019 2295 1106 2342 ubi
1143 2295 1360 2341 culmina
1393 2293 1514 2338 totis
2415 2302 2447 2343 4
2452 2302 2479 2345 5

232 2385 485 2442 Perforat,
522 2392 671 2446 atque
701 2383 799 2430 alio
830 2383 906 2429 sol
935 2385 1193 2447 improbus
1223 2385 1385 2430 uritur
1420 2389 1578 2429 aestu.

232 2475 318 2525 Nil
341 2475 414 2522 ibi
442 2473 724 2539 plebeium:
751 2487 999 2536 nusquam
1030 2474 1307 2521 Temesaea
1340 2471 1540 2519 notabis

233 2563 391 2623 Aera3
426 2563 517 2610 sed
549 2568 754 2624 argento
783 2561 912 2608 felix
944 2564 1238 2628 propellitur
1270 2562 1422 2619 unda,

235 2654 551 2717 Argentoque
581 2653 739 2710 cadit,
777 2653 1027 2718 labrisque
1057 2655 1334 2702 nitentibus
1365 2654 1522 2700 instat

233 2743 452 2805 Delicias
484 2744 667 2789 mirata
700 2756 844 2800 suas,
876 2751 928 2790 et
959 2745 1097 2792 abire
1132 2753 1342 2793 recusat.
2413 2749 2478 2793 50

233 2834 400 2882 Extra
428 2839 598 2880 autem
630 2833 783 2880 niveo
814 2835 898 2896 qui
926 2838 1151 2897 margine
1187 2837 1414 2884 coerulus
1448 2835 1610 2882 amnis

233 2922 397 2980 vivit,
429 2928 481 2967 et
506 2921 562 2968 in
595 2934 844 2967 summum
882 2921 1037 2969 fundo
1072 2933 1215 2988 patet
1242 2926 1405 2972 omnis
1438 2924 1501 2971 ab
1532 2925 1653 2981 imo,

237 3010 333 3061 Cui
364 3026 468 3059 non
496 3012 571 3058 ire
603 3009 738 3067 lacu,
771 3010 1034 3073 pigrosque
1065 3015 1305 3063 exolvere
1337 3015 1547 3061 amictus

324 3210 366 3240 v.
389 3211 446 3242 27.
465 3208 563 3248 Vulg.
588 3208 748 3239 marm.
778 3207 850 3245 [28.
870 3214 1013 3246 assu-3
1037 3209 1100 3241 hoc
1124 3218 1187 3250 pro
1214 3215 1363 3240 cneserr
1387 3208 1589 3239 restitutum.
1614 3215 1682 3240 Ευ.
1707 3210 1791 3249 om]
1839 3209 1894 3241 38.
1919 3212 2147 3239 Lcczsrmus.
2193 3208 2248 3239 47.
2277 3215 2449 3241 nasses.

1558 3265 1671 3312 D2
