2892 3840
375 436 478 486 204
1196 432 1386 484 Nona
1414 443 1483 481 An
1515 431 1621 481 Lm.
1655 431 1691 478 I.
1726 436 1765 478 4³
2503 454 2609 503 5⁶¹1

374 569 446 594 non
467 570 551 596 vero
569 563 689 604 justos
715 561 823 604 qualis
851 561 906 594 hic
932 558 1052 593 Gallici
1075 559 1148 591 fun.
1168 558 1307 599 summa
1332 560 1455 591 trium-

373 608 501 648 phum,
526 611 565 641 ut
589 612 679 651 apud
704 611 821 641 Horat.
853 611 962 639 Carm-
988 608 1025 647 1,
1056 608 1108 637 12.

467 655 552 697 Ille,
581 667 643 689 seu
666 656 816 688 Parthos
843 653 946 684 Latio
969 654 1186 684 imminentes

467 701 597 742 Egerit
615 703 707 741 justo
739 702 879 731 domitos
905 698 1085 737 triumpho.

377 741 560 786 Eutropius
579 747 638 781 lib.
662 749 733 778 VII.
763 746 804 775 de
828 743 1006 775 Ventidio:
1053 744 1124 775 Hie
1143 745 1280 784 primus
1303 746 1344 776 de
1368 744 1458 775 Par-

378 790 448 823 this
479 792 697 831 justissimum
731 790 933 829 triumphum
966 789 1097 821 Romae
1132 792 1212 831 egit.
1271 790 1456 823 Suetonius

378 837 484 877 Calig.
521 848 551 869 c.
584 839 640 869 48.
675 845 819 877 querens
852 838 945 867 inter
970 840 1092 867 cetera
1103 835 1319 877 fraudatum
1345 846 1382 868 se
1402 836 1458 875 ju-

379 884 431 914 sto
453 883 631 921 triumpho.
676 882 880 913 Claudianus
907 882 948 912 de
974 882 1044 912 Bel.
1068 882 1155 914 Gild.

646 927 738 965 justo
761 938 950 969 magnoque
974 928 1151 968 triumpho*

469 973 591 1003 civiles
613 974 746 1005 abolete
768 980 893 1005 notas:

374 1016 455 1048 licet
490 1019 617 1049 duobus
651 1018 702 1049 his
735 1020 819 1051 locis
836 1019 958 1058 ‚iustus
984 1017 1171 1058 triumphus
1198 1021 1288 1052 forte
1307 1029 1459 1060 oppona-

375 1063 431 1093 tur
453 1061 635 1104 Ovationi,
667 1066 706 1095 ut
724 1065 860 1104 justum
882 1067 1025 1106 flumen,
1058 1069 1228 1108 torrenti,
1273 1068 1363 1106 apud
1395 1070 1457 1100 Se-

375 1117 450 1138 nec.
493 1110 570 1140 Nat.
595 1111 732 1146 Quaest.
759 1113 807 1154 V,
834 1114 866 1143 2.
886 1111 992 1150 justa
1019 1111 1180 1154 libertas,
1207 1114 1301 1144 inter
1326 1116 1456 1145 amicos

374 1154 501 1195 datae,
534 1156 586 1186 De
612 1157 704 1188 Beat.
734 1157 802 1192 vit.
825 1168 853 1188 c.
881 1159 937 1189 24.
957 1157 1061 1196 ,iusta
1088 1158 1287 1196 clementia,
1320 1162 1457 1202 fortui-

373 1204 432 1230 tae
448 1201 648 1244 facilitati,
692 1204 778 1242 apud
814 1203 1017 1234 Eumenium
1050 1205 1144 1237 Grat.
1181 1207 1253 1237 Act.
1280 1215 1309 1236 c.
1333 1208 1375 1236 11.
1401 1205 1457 1236 ubi

375 1245 475 1285 vulgo
497 1247 621 1286 legitur
636 1250 823 1291 felicitati.
848 1252 947 1281 Potes
972 1250 1072 1281 etiam
1091 1250 1230 1288 jussum
1252 1251 1457 1290 triumphum

376 1291 417 1321 de
441 1292 552 1324 media
576 1304 681 1333 pace:
703 1297 739 1326 ut
760 1295 885 1334 jubere
910 1297 1042 1327 tributa
1065 1297 1154 1335 apud
1180 1298 1318 1329 Florum
1346 1300 1396 1338 Π,
1424 1300 1456 1328 6.

375 1337 435 1368 sed
469 1339 532 1369 hoc
567 1340 667 1371 nimis
693 1341 844 1373 insolens
868 1345 958 1373 esset
985 1343 1020 1373 in
1048 1342 1197 1385 Gallico,
1239 1353 1315 1374 cum
1334 1343 1457 1382 jubere

374 1383 561 1424 triumphos
597 1386 640 1417 sit
665 1388 771 1419 solius
795 1389 1023 1427 Imperatoris.
1071 1388 1153 1419 Mihi
1180 1390 1292 1429 placet
1309 1390 1456 1431 justum,

376 1429 449 1460 sive
485 1435 676 1469 opponatur
710 1434 877 1465 Ovationi
907 1435 979 1465 sive
1016 1434 1172 1473 injusto;
1217 1436 1275 1466 sed
1297 1437 1374 1467 huic
1399 1446 1461 1476 po—

376 1475 455 1506 tius.
483 1478 582 1508 Potes
607 1478 728 1520 etiam,
752 1483 913 1511 meritum
939 1481 1160 1520 triumphum,
1186 1484 1223 1512 ut
1249 1483 1338 1520 apud
1362 1484 1458 1513 Clau-

377 1520 514 1552 dianum
541 1525 600 1554 111.
625 1527 725 1556 cons.
751 1527 879 1558 Honor.
907 1536 938 1557 v.
969 1527 1044 1558 146.
1070 1536 1166 1567 quem
1191 1528 1311 1569 merui,
1337 1534 1370 1559 te
1391 1539 1458 1560 non

378 1569 546 1605 sudante,
569 1570 790 1610 triumphum.²

421 1622 456 1646 v.
482 1615 538 1646 85.
584 1615 635 1647 Et
656 1627 738 1656 opes
763 1618 900 1647 tantas?
926 1627 989 1647 nec
1013 1619 1076 1657 qm·
1094 1619 1327 1650 mandaverat
1348 1628 1458 1650 aucus

469 1659 671 1700 Expectare
698 1665 803 1706 fuit-J
844 1664 995 1702 Abrupta
1028 1664 1197 1695 sententia
1234 1664 1327 1695 etin
1350 1665 1460 1696 medio

378 1704 498 1737 tenore
524 1708 703 1739 conscissa.
750 1709 852 1750 Lege,

514 1757 551 1783 et
574 1763 675 1795 opes,
699 1758 839 1793 quantas
863 1765 926 1786 nec
950 1755 1011 1795 qui
1031 1756 1264 1787 mandaverat
1289 1765 1400 1788 ausus

469 1796 677 1837 Expectare
697 1802 790 1842 fuit.

378 1840 444 1872 Per
470 1851 505 1873 se
531 1846 625 1883 patet
649 1846 850 1877 emendatio.
897 1847 974 1876 Non
998 1845 1181 1886 intellexit,
1206 1846 1356 1885 quisquis
1373 1847 1462 1878 hunc

377 1885 490 1919 locum
531 1891 658 1929 primus
699 1891 916 1932 depravavit,
962 1900 1079 1921 vocem
1125 1896 1245 1923 tantas
1289 1894 1462 1932 eleganter

379 1933 507 1966 omitti:
552 1936 632 1968 inde
658 1946 764 1977 prava
788 1937 890 1970 lectio
919 1939 953 1969 et
980 1937 1165 1969 distinctio.
1223 1939 1348 1971 Noster
1378 1940 1462 1972 Silv.

379 1979 433 2016 11,
456 1982 488 2012 6.

965 2028 1060 2059 mins
1087 2038 1177 2060 unus

468 2068 559 2101 Ante
586 2071 708 2109 decor,
748 2075 908 2112 quantum
927 2076 1115 2114 praecedit
1138 2076 1240 2106 clara
1267 2078 1417 2106 minores

470 2113 576 2148 Luna
589 2119 719 2159 faces,
755 2123 981 2159 quantumque
1011 2122 1100 2152 alios
1123 2123 1255 2160 premit
1278 2122 1462 2161 Hesperus

598 2173 720 2204 ignes:

379 2203 416 2235 id
440 2206 490 2236 est
513 2211 650 2240 tantum
675 2211 754 2241 ante
778 2215 946 2252 quantum
969 2212 1032 2243 etc.
1056 2211 1208 2243 Avienus
1237 2213 1315 2243 Orb.
1343 2213 1460 2246 neser.

379 2258 414 2292 v,
437 2252 515 2283 469.

878 2301 963 2344 yhic
986 2308 1019 2333 ee
1043 2303 1164 2342 Iaspis

470 2341 589 2375 Fulva
623 2347 737 2378 micat·
764 2347 877 2378 stellis
914 2351 1074 2387 quantum
1115 2357 1275 2380 conuera
1307 2359 1377 2390 per
1408 2360 1465 2381 ae-

600 2390 706 2422 tlarae

471 2433 582 2475 Ignea
599 2439 777 2477 perpetuis
801 2439 1001 2471 ardescunt·
1017 2441 1136 2471 sidera
1148 2438 1305 2479 flammis
1317 2450 1331 2471 .·

380 2478 488 2517 Iaspis
514 2481 616 2512 micat
638 2489 805 2524 quantum
828 2484 960 2526 sidera,
987 2488 1049 2525 est,
1074 2490 1210 2517 tantum
1234 2486 1337 2517 micat
1360 2497 1468 2527 quan-

381 2527 453 2554 tum
478 2526 599 2558 sidera.
645 2530 777 2561 Seneca
804 2532 963 2563 controv.
988 2534 1046 2563 ΠΙ.
1075 2532 1215 2571 praefat.
1239 2533 1280 2563 de
1304 2533 1467 2564 Albucio:

384 2569 553 2609 Splendor
573 2577 745 2607 oration2·.‹‚·
772 2580 915 2615 quantus
943 2580 1059 2610 nescio
1088 2588 1136 2609 an
1163 2581 1200 2609 in
1219 2579 1288 2609 ullo
1313 2580 1384 2610 alio
1403 2581 1468 2623 fu-

382 2618 459 2648 erit.
505 2620 666 2651 Horatius
689 2621 797 2660 Epod‘.
824 2623 866 2652 X.

517 2665 694 2706 Insurgat
713 2667 837 2707 Aquilo
862 2671 1004 2707 quantus
1031 2669 1115 2700 alcis
1140 2669 1313 2700 montibus

564 2711 719 2753 Frangit
743 2719 926 2745 trementes
950 2715 1057 2745 ilices.

383 2751 557 2787 Juvenalis
580 2759 650 2789 Sat.
673 2760 741 2797 111,
766 2761 844 2791 223.

478 2800 521 2831 Si
535 2809 636 2842 poles
665 2805 775 2835 avelli
799 2806 1017 2836 Circensibus
1031 2826 1040 2844 ,
1066 2810 1200 2846 optima
1222 2806 1334 2837 Sorae

473 2845 546 2879 Aut
579 2849 814 2881 Fabrateriae
845 2853 962 2882 donzus
997 2857 1062 2882 aut
1084 2853 1281 2884 Frusinone
1298 2857 1466 2892 paratur,

475 2894 608 2929 Quanti
629 2906 722 2927 nunc
755 2898 915 2928 tenebras
940 2907 1043 2927 unum
1068 2901 1228 2930 conducis
1252 2900 1287 2929 in
1313 2907 1465 2930 annum.-

385 2936 434 2968 ita
467 2939 756 2981 distinguendum:
803 2945 941 2982 paratur
976 2946 1073 2974 tanti.
1101 2947 1229 2986 quanti
1261 2954 1350 2975 nunc
1387 2954 1468 2976 con-

386 2983 479 3015 ducis
522 2988 635 3018 locum
676 2989 820 3027 aliquem
860 2989 1120 3021 tenebricosum.
1180 2991 1387 3023 Claudianus
1422 2992 1464 3022 de

387 3028 492 3060 Laud.
518 3033 623 3067 Stilic.
648 3037 699 3073 11,
726 3036 804 3067 305.

478 3077 641 3110 Publicus
663 3082 722 3111 ille
741 3082 853 3122 furor
878 3081 1038 3120 quantum
1063 3086 1126 3113 tua
1150 3090 1238 3113 cura
1259 3085 1400 3123 peregit

479 3123 651 3156 Secretum
676 3130 827 3158 meruit.-

391 3167 426 3198 id
460 3171 531 3208 est,
575 3176 708 3202 tantum
746 3174 912 3202 secretum
936 3177 1100 3212 quantum
1124 3172 1184 3202 tua
1209 3180 1291 3203 cura
1316 3171 1465 3214 peregit:

388 3213 490 3253 vulgo
526 3214 638 3253 inepte
671 3216 905 3256 distinguitur,
936 3218 1050 3258 furor
1083 3221 1268 3258 (quantum
1290 3223 1354 3249 tua
1378 3228 1467 3250 cura

381 3261 520 3300 peregit
528 3257 559 3295 1)
592 3261 780 3293 Secretum.
803 3264 855 3293 lta
871 3266 954 3301 quot
970 3263 1061 3301 apud
1080 3263 1196 3303 Virgil.
1216 3265 1301 3295 Aen.
1321 3266 1366 3306 11,
1387 3263 1465 3297 330.

1661 556 1782 588 Portis
1807 557 1874 588 alii
1894 557 2125 598 bipatentibus
2151 561 2292 598 adsunt,

1617 601 1733 633 Millia
1756 605 1838 641 quot
1863 606 1996 644 magnis
2018 614 2168 644 unquam
2187 615 2310 637 venere
2335 605 2513 646 Mycenis:

1525 647 1564 679 Id
1588 650 1658 688 est,
1700 656 1774 680 τοΤ
1798 649 1903 680 millia
1929 657 2024 685 Quor
2050 659 2187 683 venere.
2233 651 2412 690 Inscriptio
2435 654 2539 683 Vetus
2565 661 2606 684 a·-

1525 694 1592 733 pud
1636 693 1828 725 Reinesium
1865 705 1896 735 p.
1939 698 2019 729 681.
2048 697 2244 731 EnucArus
2274 705 2415 729 ωτι-,ωε
2445 699 2604 731 GnAucls

1526 747 1623 777 QUAM
1634 747 1680 771 Εἰ·
1690 742 1858 773 LA'rnws:
1884 742 1919 772 id
1947 745 2009 783 est,
2033 750 2107 774 'mu
2122 741 2266 773 Graecis
2293 751 2388 778 ausu
2411 749 2447 775 et
2457 743 2603 776 Latinis.

1571 795 1604 816 v.
1633 788 1687 816 88.
1743 788 1826 827 Ipse
1861 788 1984 827 palam
2017 789 2140 819 lacera
2168 789 2329 827 poscebat
2362 789 2512 830 Regulus
2537 801 2608 822 uma

1526 832 1608 871 bra]
1638 832 1813 867 Quomodo
1838 834 1984 872 Regulus
2011 834 2066 873 qui
2093 835 2182 874 apud
2200 835 2328 865 interos
2351 837 2425 865 erat
2443 837 2607 874 poscebat

1527 877 1711 909 tributum!
1753 879 1816 910 hoc
1851 879 1941 910 enim
1974 882 2131 911 vivorum
2162 883 2234 918 est,
2277 890 2346 911 nou
2385 885 2607 913 mortuorum.

1526 923 1615 963 lege,
1636 932 1681 954 ex
1705 926 1941 956 emendatione
1964 926 2073 957 Amici
2099 926 2166 957 mei
2189 927 2330 958 Joanni's
2355 926 2493 966 Jortini,

1618 971 1701 1009 Ipse
1723 973 1845 1011 palam
1871 973 1993 1003 lacera
2019 973 2199 1012 plaudebat
2225 973 2380 1014 Regulus
2407 973 2550 1006 umbra..

1526 1015 1739 1048 Claudianus
1767 1018 1808 1049 de
1837 1018 1931 1050 Bello
1955 1020 2029 1052 Get.

2023 1064 2195 1105 laetisque
2219 1065 2385 1103 Quirites!

1620 1107 1766 1141 Vocibus
1791 1108 1976 1148 auspicium
2002 1112 2094 1141 certi
2112 1111 2270 1151 plausere
2294 1108 2482 1150 triumphi.-

1524 1151 1607 1186 SilV.
1634 1156 1681 1194 V,
1708 1157 1739 1187 3.

1661 1211 1728 1231 non
1753 1203 1861 1231 toties
1884 1202 2050 1232 victorem
2073 1203 2213 1233 Castora
2234 1211 2333 1242 gyro*

1617 1246 1690 1276 Nec
1726 1248 1863 1277 fratrem
1898 1253 2019 1279 caestu
2053 1249 2183 1280 virides
2209 1249 2363 1287 plausere
2394 1249 2611 1290 Therapnae.

1526 1289 1732 1323 Claudianus
1754 1293 1967 1324 Fescennino
2002 1293 2043 1323 de
2069 1295 2172 1332 Nupt.
2195 1295 2285 1326 Hon.
2311 1297 2345 1326 et
2374 1298 2462 1327 Mar.
2492 1305 2523 1331 v.
2551 1297 2607 1331 77.

1665 1337 1858 1378 Oriensque
1878 1348 1984 1379 regna
1999 1340 2164 1381 fratrum

1667 1385 1781 1416 Simul
1805 1383 2042 1425 Occidensque
2070 1385 2218 1423 plaudat.

1528 1430 1595 1461 Sed
1621 1431 1705 1462 mire
1738 1430 1929 1469 concipitur
1955 1435 2043 1462 totus
2066 1431 2119 1462 hic
2145 1432 2241 1462 locus
2266 1429 2301 1460 in
2329 1430 2418 1463 Edit.
2444 1432 2554 1464 Pal-m.
2578 1435 2614 1464 et

1527 1476 1621 1507 Rom.
1647 1479 1698 1515 [et
1727 1479 1844 1508 Venet.
1876 1478 1933 1507 Ex
1960 1479 2068 1516 Ana]
2101 1477 2143 1508 ad
2168 1477 2253 1508 hanc
2279 1485 2400 1515 nempe
2423 1478 2585 1510 formam:

1831 1525 1963 1563 gautlet
1991 1524 2220 1554 Trasimenus
2246 1528 2282 1553 et
2304 1523 2421 1564 Alpes,

1621 1567 1785 1598 Attuli-am
1811 1571 1931 1600 cantu:
1961 1569 2086 1607 gaudet
2111 1569 2327 1600 Trasimenus
2355 1572 2390 1600 et
2414 1570 2519 1608 Alpes

1624 1614 1890 1655 Cannensesque
1931 1617 2093 1646 animae.-
2139 1617 2342 1656 primusque
2382 1617 2522 1656 insigne
2553 1617 2614 1646 tre*-

1750 1660 1869 1691 butum

1623 1703 1705 1743 Ipse
1727 1706 1849 1743 palam
1872 1713 1991 1736 LAETA
2014 1707 2186 1746 poscebat
2208 1705 2361 1747 Regulus
2389 1707 2522 1737 umbra.

1529 1751 1682 1781 Romana
1704 1750 1845 1782 includit
1867 1751 2061 1791 parenthesi
2085 1754 2188 1782 verba
2211 1752 2376 1783 Adollam
2401 1757 2518 1783 cantu.
2543 1760 2614 1782 me-

1530 1796 1616 1837 lius,
1647 1795 1674 1825 si
1699 1805 1743 1827 ex
1770 1800 1843 1829 toto
1867 1797 2084 1837 exclusisset:
2130 1807 2197 1828 non
2220 1798 2307 1828 enim
2334 1798 2433 1829 Statii
2462 1800 2514 1829 est
2536 1807 2613 1829 ver-

1532 1851 1610 1882 sus,
1642 1842 1702 1871 sed
1724 1843 1889 1881 Librarii,
1929 1843 1986 1882 qui
2020 1844 2226 1883 praecedens
2250 1843 2481 1876 hemistichion
2513 1844 2614 1875 itera-

1532 1888 1592 1919 vit.
1638 1888 1684 1917 Et
1709 1889 1835 1929 voluit,
1877 1889 2018 1929 opinor,
2061 1889 2229 1921 Attollam
2265 1895 2412 1921 cantus:
2438 1887 2497 1921 sed
2523 1899 2613 1922 anne

1530 1935 1594 1965 hoc
1638 1936 1689 1963 est
1734 1936 1894 1967 attollere
1942 1940 2089 1977 cantus,
2132 1936 2257 1967 iterare
2300 1945 2434 1967 versum
2477 1944 2615 1975 praece-

1532 1981 1693 2010 dentem?
1755 1982 1855 2012 Mitto
1910 1982 2006 2021 quod‘
2041 1982 2164 2020 Apollo
2209 1982 2263 2013 hic
2302 1987 2432 2013 narrat
2473 1985 2615 2020 tantum,

1531 2036 1601 2058 non
1626 2028 1751 2057 cam‘t:
1775 2028 1861 2067 quod
1888 2030 1995 2059 bonus
2019 2030 2247 2067 lutei-potator
2273 2037 2342 2059 non
2366 2028 2615 2061 animadvertit.

1531 2073 1624 2104 Istud
1660 2075 1770 2103 autem
1811 2082 1927 2105 LAETA
1964 2075 2150 2106 statianum
2184 2077 2275 2114 puto.
2312 2083 2450 2106 mcum
2482 2074 2617 2117 quidem

1532 2121 1655 2150 umbra
1693 2122 1786 2150 recte
1823 2120 2014 2162 diceretur,
2057 2123 2095 2151 ut
2125 2122 2334 2160 Deiphobum
2367 2121 2455 2160 apud
2486 2122 2616 2153 infero·

1531 2167 1703 2196 Lacunuu
1726 2167 1915 2198 crudeliter
1938 2177 2004 2198 ora
2029 2168 2168 2207 agnovit
2192 2170 2346 2198 Aeneas:
2369 2171 2403 2198 et
2427 2168 2490 2198 hae
2513 2177 2616 2199 voces

1531 2221 1594 2251 pro
1622 2220 1658 2241 se
1686 2211 1830 2243 invicem
1854 2213 2122 2252 substituuntur,
2145 2218 2183 2245 ut
2209 2214 2291 2247 Silv.
2314 2216 2361 2254 V,
2392 2217 2423 2245 1.
2448 2223 2509 2253 pro
2534 2221 2618 2245 Lat-:-

1531 2266 1600 2290 ‘ms
1625 2259 1778 2301 frondes
1814 2260 1876 2290 hae
1909 2260 1995 2290 duae
2027 2261 2131 2293 Editt.
2164 2261 2288 2291 habent
2319 2267 2490 2291 memus.
2548 2260 2616 2292 Sed

1532 2314 1638 2343 aeque
1661 2306 1799 2342 probum
1826 2313 1963 2344 LAETA,
2008 2308 2046 2336 ut
2069 2307 2159 2338 dicat
2183 2307 2305 2346 Apollo
2331 2306 2494 2345 Regulum
2519 2307 2617 2344 plau-

1532 2351 1616 2380 sisse
1641 2350 1802 2382 tributum
1827 2354 1944 2383 umbra
1963 2353 2086 2391 palam
2109 2354 2206 2384 laeta
2219 2363 2235 2393 ,·
2258 2362 2326 2383 non
2353 2351 2468 2383 furtim
2491 2353 2525 2382 et
2547 2351 2616 2382 dis-

1532 2396 1731 2428 simulanter
1764 2400 1798 2429 et
1821 2399 1924 2430 tacito
1947 2398 2025 2429 sinu
2049 2400 2198 2431 condens
2228 2397 2368 2439 gaudia,
2411 2397 2468 2428 sed
2491 2399 2614 2437 palam

1532 2444 1712 2474 exultans.

1579 2498 1613 2521 v.
1649 2491 1712 2519 91.Δ
1753 2490 1944 2527 depositam
1977 2490 2090 2520 Dacis
2124 2490 2352 2529 pereuntibus
2386 2491 2523 2528 tranem]
2554 2491 2621 2526 Cae

1534 2535 1667 2565 stellum
1694 2535 1756 2565 hoc
1782 2536 1951 2565 Dacorum
1975 2543 2076 2566 [mals
2103 2536 2237 2566 nomine
2264 2543 2427 2573 nusquam
2452 2534 2532 2565 alibi
2562 2535 2615 2566 in-

1534 2581 1698 2620 signitur3
1739 2580 1800 2610 sed
1823 2583 1952 2611 montis
1977 2581 2031 2611 vel
2055 2584 2218 2622 verticis,
2265 2583 2382 2620 utpote
2410 2580 2446 2611 in
2470 2581 2616 2613 editiore

1534 2628 1645 2659 focum
1667 2627 1779 2656 situm.
1825 2629 1934 2665 supra
1960 2626 1993 2656 iu
2022 2627 2118 2666 Equo
2145 2631 2238 2660 Max.
2264 2637 2296 2657 v.
2326 2629 2380 2657 80.

1818 2672 1868 2701 Tu
1893 2674 2034 2703 tardum
2058 2676 2094 2705 in
2109 2676 2262 2717 foedera
2283 2678 2434 2704 ,noyn-:u

1626 2715 1742 2757 Longo
1768 2715 1887 2748 Marte
1911 2720 2041 2750 domas.

1533 2761 1657 2794 Ibidem
1684 2772 1717 2793 v.
1749 2764 1780 2793 7.

1626 2808 1768 2839 Rhenus
1792 2813 1827 2839 et
1848 2811 1996 2840 attoniti
2015 2812 2107 2842 vidit
2127 2818 2246 2843 nouus
2267 2820 2392 2843 ARDUA
2420 2815 2527 2847 Daci.

1534 2854 1618 2886 Silv.
1644 2856 1710 2895 111,
1741 2856 1771 2886 3.
1800 2864 1831 2885 v.
1864 2857 1938 2886 109.

1626 2902 1790 2942 Quaeque
1811 2910 1909 2932 suum
1934 2902 2049 2933 Dacis
2073 2904 2182 2934 donat
2205 2905 2389 2936 clementia
2412 2912 2570 2937 nom-ffl-

1533 2945 1694 2978 Thebaid.
1722 2950 1758 2988 1,
1786 2949 1839 2987 17,

1838 2993 1974 3032 quando
2003 2994 2101 3023 Itala
2124 2995 2270 3024 nondum

1628 3036 1761 3078 Signa,
1793 3047 1856 3068 nec
1880 3038 2027 3070 Arctoos
2056 3042 2169 3070 ausim
2192 3050 2340 3078 sperare
2366 3041 2571 3084 triumphos,

1625 3084 1756 3124 Bisque
1771 3082 1856 3125 jugo
1878 3084 2046 3121 Rhenum,
2070 3087 2120 3116 bis
2137 3086 2299 3116 adactum
2317 3087 2445 3127 legibus
2467 3088 2615 3127 Istrum,

1625 3129 1677 3160 Et
1702 3129 1888 3168 conjurato
1914 3130 2063 3168 dejectos
2086 3138 2239 3162 venriet:
2267 3131 2410 3163 Dacos:

1534 3174 1592 3206 ubi
1625 3185 1688 3215 pro
1716 3185 1861 3216 sperare
1885 3175 2068 3216 triumphos
2089 3176 2263 3215 legendum
2290 3180 2443 3216 spirare.
2492 3178 2614 3211 Florus

1535 3223 1602 3263 lv,
1651 3224 1702 3253 12.
1731 3223 1829 3252 Daci
1849 3228 2028 3253 Mox'rluus
2051 3222 2246 3254 inhaerent.
2290 3223 2346 3254 Ex
2370 3223 2422 3256 his
2444 3223 2529 3257 loeis
2555 3234 2617 3266 pa-

1535 3268 1586 3299 tet
1609 3268 1753 3300 Statium
1781 3266 1955 3307 scripsisse

2872 1723 2892 1733 a

2874 1750 2892 1761 s·
