2892 3840
414 402 479 449 36
1108 408 1624 448 ‘nrArxNii
1694 409 2024 449 s'rA‘rii

405 524 508 574 Vix
541 527 681 575 tenui
711 525 889 575 similis
925 537 1090 574 comes
1106 556 1122 581 ,
1149 521 1432 585 offendique
1467 520 1703 573 tenendo.

406 614 476 663 Et
507 629 640 664 nunc
676 615 816 682 (heu)
851 615 1021 671 vittis,
1061 619 1113 659 et
1146 611 1326 659 frontis
1351 609 1542 659 honore
1579 611 1763 671 soluto,

407 703 659 753 Infaustus
692 710 866 761 vates,
895 717 1045 752 verso
1075 715 1192 750 mea
1219 707 1425 764 pectora
1459 707 1650 750 tecum:

408 793 594 856 Plango
629 795 753 855 lyra.
823 794 909 839 en!
939 791 1053 839 duri
1085 791 1320 838 comitem
1355 791 1644 856 sociumque
1679 790 1871 840 doloris

412 882 489 947 (Si
524 883 713 939 merui,
745 880 1007 944 luctusque
1037 881 1112 927 tui
1145 880 1396 927 consortia
1431 879 1589 943 sensi)

409 970 522 1020 Jam
556 972 682 1018 lenis
715 972 910 1034 patiare
943 984 1134 1034 precor.
1202 983 1286 1016 me
1316 967 1527 1015 fulmine
1556 968 1613 1015 in
1646 968 1760 1032 ipso

410 1060 668 1109 Audivere
699 1066 899 1123 patres:
936 1074 1028 1121 ego
1057 1060 1211 1121 juxta
1244 1057 1394 1104 busta
1428 1056 1649 1121 profusis

409 1149 681 1207 Matribus,
721 1155 870 1212 atque
900 1150 998 1213 piis
1034 1147 1190 1196 cecini
1221 1145 1402 1193 solatia
1427 1147 1578 1203 natis»,

408 1237 477 1284 Et
509 1237 656 1297 mihi3
690 1252 801 1284 cum
831 1239 1061 1302 proprios
1095 1251 1347 1299 gemerem
1382 1235 1607 1284 defectus
1642 1236 1710 1285 ad
1733 1239 1875 1300 ignes
1938 1264 1941 1266 >

411 1325 618 1393 (Quem,
647 1326 882 1391 Natura!)
915 1334 1126 1391 patrem.
1192 1340 1285 1372 nec
1319 1332 1370 1372 te
1400 1302 1570 1387 lugere
1603 1340 1814 1375 severus

410 1415 599 1473 Arceo,
633 1416 724 1464 sed
751 1417 921 1464 confer
956 1417 1199 1478 gelnitUS,
1234 1416 1521 1479 pariterque
1552 1415 1778 1464 fleamus.

410 1505 716 1554 Jamdudum
751 1506 927 1568 dignos
960 1505 1154 1562 aditus,
1185 1502 1488 1567 laudumque
1519 1511 1723 1553 tuarum

412 1593 454 1641 Ο
487 1596 669 1642 merito
705 1595 885 1643 dilecte
920 1609 1072 1659 puer,
1107 1594 1385 1658 primordia
1417 1608 1663 1659 quaerens

410 1686 689 1734 Distrahor.
758 1686 874 1734 hinc
902 1687 1023 1733 anni
1054 1692 1245 1733 stantes
1275 1686 1331 1733 in
1363 1685 1537 1733 limine
1563 1686 1719 1744 vitae,

410 1773 540 1822 Hinc
567 1791 650 1822 me
680 1776 844 1823 forma
868 1777 1026 1839 rapit,
1055 1776 1189 1839 rapit
1213 1774 1333 1822 inde
1364 1775 1617 1824 modestia
1646 1783 1888 1840 praecox,

410 1864 454 1911 E
510 1865 698 1928 pudor,
737 1872 789 1912 et
823 1872 995 1912 tenero
1025 1864 1250 1928 probitas
1285 1866 1530 1912 maturior
1561 1880 1704 1915 aevo.

411 1952 453 2000 Ο
486 1953 572 2000 ubi
607 1968 859 2018 purpureo
892 1954 1107 2000 suffusus
1145 1955 1386 2016 sanguine
1421 1955 1625 2012 candor,

410 2043 702 2107 Sidereique
732 2045 906 2103 orbes,
935 2043 1230 2107 radiataque
1263 2044 1457 2093 lumina
1481 2045 1636 2103 caelo,

408 2133 475 2179 Et
507 2133 777 2194 castigatae
811 2133 1016 2180 collecta
1048 2133 1300 2182 modestia
1331 2135 1527 2192 frontis,

406 2223 709 2286 Ingenuique
747 2238 896 2286 super
923 2223 1086 2271 crines
1102 2256 1115 2281 ,
1146 2224 1409 2287 mollisque
1439 2224 1648 2272 decorae

406 2311 579 2373 Margo
614 2311 816 2358 comae?
847 2311 1044 2359 blandis
1079 2311 1286 2360 ubinam
1318 2327 1407 2361 ora
1439 2320 1616 2375 arguta
1646 2311 1880 2377 querelis,

407 2400 683 2465 Osculaque
713 2402 943 2466 impliciti
970 2415 1155 2451 vernos
1185 2402 1467 2450 redolentia
1495 2403 1660 2461 flores»,

405 2492 474 2539 Et
502 2479 697 2539 mixtae
731 2492 838 2538 risu
872 2491 1132 2549 lacrimae,
1161 2494 1462 2557 penitusque
1492 2493 1742 2556 loquentis

406 2579 650 2644 Hyblaeis
684 2595 794 2630 vox
829 2582 985 2627 tincta
1011 2581 1175 2630 favis?
1207 2584 1286 2629 cui
1317 2565 1464 2630 sibila
1497 2593 1705 2643 serpens

405 2647 646 2727 Poneret,
679 2677 731 2715 et
766 2684 949 2718 saevae
980 2669 1171 2719 vellent
1203 2671 1393 2719 servire
1421 2682 1683 2718 novercae.

405 2756 489 2806 Nil
518 2759 654 2807 veris
691 2757 868 2819 affingo
903 2758 1061 2804 bonis.
1134 2758 1222 2805 ubi
1255 2758 1416 2824 lactea
1446 2758 1587 2815 colla,

403 2846 710 2912 Brachiaque
746 2853 798 2893 et
831 2860 1087 2910 nunquam
1123 2846 1316 2896 domini
1348 2832 1455 2896 sine
1486 2845 1710 2910 pondere
1747 2845 1951 2895 cervix?

409 2934 451 2983 Ο
481 2935 577 2983 1ὼὶ
605 2944 848 2988 venturae
879 2951 994 3001 spes
1031 2951 1135 2986 non
1166 2938 1437 3003 longinqua
1455 2937 1717 2999 juventae,

495 3233 552 3271 [v.
575 3234 631 3264 27.
654 3241 792 3275 vrnso3
817 3239 918 3270 antea
942 3239 1118 3279 legebatur
1142 3246 1250 3272 vexo.
1271 3244 1339 3272 m».
1365 3241 1449 3281 zm]
1498 3240 1554 3272 28.
1578 3237 1677 3280 Vulg.
1703 3244 1753 3273 m·
1773 3243 1866 3272 mm.
1911 3235 1967 3270 48.
1993 3240 2119 3269 mxu.
2169 3234 2222 3266 50.
2250 3239 2322 3265 mm
2348 3232 2456 3265 lactea
