2892 3840
964 401 1664 453 srnvanuMLln.
1734 401 1769 448 I.
2435 403 2500 450 19

252 527 390 579 D1m1
423 541 580 588 vagor
614 533 817 591 aspectu
836 560 851 584 ,
884 527 1122 591 visusque
1151 542 1243 591 per
1269 528 1440 574 omnia
1466 525 1610 584 duco,

255 615 520 666 Calcabam
548 618 822 681 necopinus
851 631 999 681 opes:
1030 631 1150 664 nam
1180 615 1417 680 splendor
1444 615 1507 663 ab
1539 616 1640 664 alto

251 707 486 766 Defluus,
522 715 574 754 et
606 706 824 754 nitidum
847 705 1124 753 referentes
1152 708 1271 754 aera
1296 712 1457 754 testae

0 791 50 851 ’ἴ
252 796 599 845 Monstravere
632 796 819 854 solum3
852 796 1022 844 varias
1052 795 1140 843 ubi
1169 796 1305 859 picta
1333 811 1425 859 per
1455 802 1587 843 artes
2437 797 2498 840 55

1 866 38 918 ἓ
253 885 453 934 Gaudet
482 886 663 933 humus
693 900 928 949 superare
956 886 1103 933 novis
1133 893 1334 933 asarota
1361 886 1544 946 figuris.

6 960 38 1038 {ff
252 976 525 1039 Expavere
559 975 754 1037 gradus.
825 973 957 1031 Quid
992 988 1123 1021 nunc
1147 976 1373 1035 ingentia
1406 976 1576 1032 mirer,

252 1065 358 1112 Aut
385 1064 505 1128 quid
537 1065 736 1127 partitis
772 1062 1014 1109 distantia
1049 1069 1183 1109 tecta
1211 1062 1470 1108 trichoris?

253 1153 384 1212 Quid
419 1160 495 1210 te,
522 1167 649 1215 quae
683 1150 865 1198 mediis
892 1158 1094 1200 servata
1120 1151 1416 1215 penatibus,
1448 1151 1610 1207 arbor,

253 1241 407 1288 Tecta
431 1256 522 1304 per
557 1248 608 1287 et
640 1248 811 1304 postes
839 1239 1055 1304 liquidas
1086 1242 1300 1302 emergis
1338 1243 1395 1288 in
1429 1241 1612 1288 auras?
2436 1246 2505 1291 60

252 1329 361 1389 Quo
392 1345 496 1377 non
530 1330 622 1386 sub
659 1330 864 1378 domino
899 1345 1078 1379 saevas
1107 1345 1320 1394 passura
1350 1330 1625 1395 bipennes?

250 1420 319 1467 Et
345 1434 476 1466 nunc
508 1421 714 1481 ignarae
750 1420 921 1468 forsan
947 1420 1032 1469 vel
1067 1419 1256 1467 lubrica
1284 1420 1407 1468 Nais

251 1508 295 1555 V
298 1509 343 1555 el
377 1523 480 1555 non
514 1508 751 1572 abruptos
788 1510 882 1557 tibi
910 1509 1063 1557 debet
1091 1508 1414 1571 Hamadryas
1447 1524 1618 1558 annos.

251 1597 383 1657 Quid
406 1598 624 1645 referam
656 1598 874 1646 alternas
904 1601 1103 1661 gemino
1131 1613 1281 1665 super
1312 1615 1491 1661 aggere
1521 1599 1791 1663 nvmphas,

249 1686 588 1750 Albentesque
621 1687 784 1746 lacus,
820 1689 1045 1754 altosque
1077 1690 1133 1736 in
1162 1690 1354 1752 gurgite
1386 1689 1582 1737 fontes'?
2436 1692 2498 1738 65

251 1777 420 1842 Teque
454 1792 544 1841 per
574 1776 829 1840 obliquum
857 1782 1059 1842 penitus
1095 1795 1221 1843 quae
1258 1779 1442 1826 laberis
1473 1793 1691 1836 amnem,

247 1865 462 1923 Marcia,
494 1873 546 1912 et
576 1866 754 1915 audaci
786 1872 1082 1917 transcurris
1115 1870 1323 1916 flumina
1353 1869 1591 1933 plumbo?

248 1954 363 2003 Non
398 1955 559 2003 solum
590 1957 742 2003 Ioniis
776 1958 867 2005 sub
899 1959 1128 2006 fluctibus
1161 1959 1322 2006 Elidis
1354 1974 1556 2006 amnem

248 2045 420 2092 Dulcis
449 2045 515 2093 ad
547 2045 801 2093 Aetnaeos
833 2047 1037 2095 deducit
1063 2050 1244 2096 semita
1273 2056 1462 2112 portus.

249 2134 350 2180 Illis
383 2135 490 2198 ipse
520 2136 676 2182 antris
712 2135 937 2186 Auienus
972 2139 1111 2186 fonte
1139 2138 1330 2195 relicto,
2432 2143 2499 2187 70

249 2221 407 2270 Nocte
443 2224 534 2270 sub
570 2240 752 2273 arcana
785 2228 982 2288 glaucos
1020 2233 1204 2276 exutus
1241 2228 1471 2286 amictus,

245 2309 358 2358 Huc
392 2312 506 2358 illuc
542 2313 705 2374 fragili
728 2318 1000 2377 prosternit
1033 2326 1238 2380 pectora
1272 2332 1467 2365 musco:

245 2398 351 2446 Aut
383 2401 560 2462 ingens
597 2403 651 2448 in
682 2411 858 2464 stagna
891 2405 1048 2462 cadit,
1079 2407 1366 2470 vitreasque
1398 2413 1577 2453 natatu

2464 2536 2493 2636 91(

244 2489 443 2537 Plaudit
471 2505 648 2553 aquas.
683 2492 770 2539 illa
798 2494 1003 2541 recubat
1038 2494 1288 2541 Tiburnus
1318 2496 1373 2541 in
1399 2494 1595 2585 umbra,

0 2513 74 2733 ὓ
244 2577 347 2626 Illic
381 2579 628 2628 sulfureos
657 2582 794 2644 cupit
823 2582 1008 2631 Albula
1035 2599 1260 2646 mergeie
1292 2586 1468 2631 crines.
2428 2593 2453 2635 7

32 2733 34 2738 X
245 2666 383 2716 Haec
411 2669 616 2727 domus,
647 2670 891 2732 Aegeriae
922 2673 1243 2721 Nemoralem
1273 2674 1542 2736 abjungere
1584 2672 1835 2732 Phoeben,
1903 2688 1906 2693 ·

23 2776 83 2841 3*
244 2757 313 2804 Et
345 2757 609 2818 Dryadum
637 2759 848 2807 viduare
880 2762 1042 2810 choris
1079 2764 1298 2825 algentia
1327 2765 1491 2827 possit

50 2843 52 2845 ’
246 2845 498 2907 Taygeta,
533 2855 584 2892 et
617 2849 758 2896 silvis
791 2865 1040 2898 arcessere
1073 2853 1210 2901 Pana
1241 2854 1467 2915 Lycaeis.

0 2926 49 2986 *fl
245 2933 391 2994 Quod
424 2937 479 2983 ni
511 2936 698 2999 templa
732 2937 910 2985 darent
934 2941 1057 2988 alias
1090 2942 1358 3004 Tirynthia
1392 2951 1569 3000 sortes,

330 3177 369 3206 V.
396 3178 449 3209 56.
474 3176 571 3215 Vulg.
597 3183 864 3212 sunEnAx'rqmz.
904 3178 956 3207 58.
983 3177 1020 3207 L.
1044 3179 1188 3209 Aram?
1213 3178 1292 3217 quid
1315 3185 1479 3210 ruimus.
1503 3179 1558 3210 62.
1581 3186 1726 3210 IGNARO.
1756 3181 1811 3212 63.
1840 3188 1971 3211 nrum.
1996 3182 2050 3212 6⁷1.
2079 3189 2226 3212 ›mss-As.
2253 3184 2307 3212 67.
2331 3190 2482 3213 mmm.

241 3234 296 3264 68.
321 3235 384 3264 As.
433 3235 488 3265 69.
511 3241 691 3266 ῡΕυυεΑτ.
