2892 3840
218 528 335 580 Jam
362 531 524 579 noctis
555 528 872 595 propioribus
906 527 999 576 sub
1032 525 1229 574 umbris

154 628 158 629 ’
218 622 380 673 Dives
410 623 604 686 sparsio
638 636 762 686 quos
793 622 899 682 agit
926 618 1194 666 tumultus!

215 709 330 760 Huc
359 711 552 758 intrant
580 710 752 758 faciles
782 710 883 756 emi
913 709 1135 773 puellae:

215 799 314 849 Hic
346 801 631 862 agnoscitur
665 813 814 847 omne
849 799 985 863 quod
1019 799 1234 847 theatris

216 890 323 938 Aut
354 890 518 938 forma
543 888 733 953 placet,
763 895 853 936 aut
881 888 1122 953 probatur
1150 894 1273 935 arte.

214 979 325 1028 Hoc
355 978 604 1044 plaudunt
632 994 780 1039 grege
814 978 1010 1039 Lydiae
1035 985 1303 1035 tumentes,

212 1069 303 1117 Illo
333 1066 587 1129 cymbala,
619 1066 940 1129 tinnulaeque
970 1066 1163 1113 Gades:

210 1158 315 1205 mie
340 1156 542 1217 agmina
576 1154 892 1202 confremunt
922 1154 1182 1215 Syrorum,

210 1244 308 1294 Hic
335 1243 477 1308 plebs
506 1244 731 1301 scenica,
757 1244 938 1307 quique
974 1246 1296 1293 comminutis

210 1334 504 1383 Permutant
530 1334 709 1382 vitreis
744 1333 940 1395 gregale
973 1335 1145 1383 sulfur.

209 1424 346 1472 Inter
378 1438 534 1487 quae,
560 1422 727 1470 subito
758 1422 943 1470 cadunt
971 1424 1149 1472 volatu

209 1515 492 1562 Immensae
523 1512 785 1561 volucrum
818 1528 909 1576 per
943 1520 1080 1562 astra
1114 1515 1296 1575 nubes,

212 1601 347 1661 Quas
373 1601 517 1650 Nilus
552 1616 721 1658 sacer,
744 1601 1075 1666 horridusque
1103 1602 1302 1665 Phasis,

135 1733 141 1738 .
210 1691 344 1751 Quas
375 1691 477 1739 udo
511 1689 761 1740 Numidae
792 1690 965 1753 legunt
994 1693 1086 1741 sub
1115 1693 1317 1743 Austro.

208 1781 407 1829 Desunt
440 1781 525 1844 qui
547 1781 769 1844 rapiant3
801 1780 1038 1845 sinusque
1069 1783 1207 1847 pleni

209 1870 472 1928 Gaudent,
501 1870 623 1917 dum
649 1885 786 1919 nova
818 1870 954 1917 lucra
984 1881 1350 1936 comparantur.

165 1989 178 1995 »
209 1958 413 2006 Tollunt
441 1961 731 2018 innumeras
767 1959 833 2006 ad
861 1967 998 2006 astra
1032 1976 1203 2019 voces,

209 2047 535 2096 SATURNALIA
569 2060 813 2096 ancuus
848 2057 1108 2107 sonantes;

207 2135 277 2183 Et
305 2135 438 2183 dulci
466 2148 707 2184 nommm
740 2138 915 2186 favore
946 2138 1191 2186 clamant.-

207 2222 319 2272 Hoc
350 2225 513 2273 solum
545 2228 710 2275 vetuit
742 2227 891 2275 licere
923 2226 1122 2275 Caesar.

206 2311 432 2361 Vixdum
464 2314 662 2361 coerula
694 2329 803 2360 nox
835 2316 1036 2363 subibat
1070 2315 1259 2376 orbem,

205 2400 480 2449 Descendit
511 2403 681 2450 media
714 2404 880 2451 nitens
915 2418 1069 2451 arena

205 2489 403 2538 Densas
437 2492 698 2539 flammeus
733 2492 867 2539 orbis
900 2494 1032 2539 inter
1066 2494 1290 2552 umbras,

205 2579 419 2633 vincens
454 2581 729 2629 Gnosiacae
762 2581 922 2628 facem
956 2596 1180 2629 coronae.

209 2665 432 2717 Collucet
461 2671 604 2734 polus
636 2670 861 2732 ignibus,
894 2669 1119 2735 nihilque

209 2755 459 2805 obscurae
492 2760 682 2820 patitur
710 2758 858 2806 licere
887 2760 1036 2807 nocti.

204 2845 358 2908 Fugit
387 2848 531 2911 pigra
561 2844 736 2904 Quies3
764 2850 996 2911 inersque
1027 2849 1244 2900 Somnus

204 2933 344 2984 Haec
377 2950 609 2993 εει-116113,
644 2934 768 2984 alias
798 2936 904 2983 abit
940 2938 996 2984 in
1029 2938 1193 2994 urbes.

939 411 1401 452 SILVARUM
1466 397 1640 448 Lis.
1708 400 1744 448 Ι.

2397 1420 2497 1463 75’

2394 1869 2463 1914 80

2391 2315 2456 2360 85

222 3205 245 3229 12
292 3183 333 3213 V·
357 3184 412 3214 ⁷1·
432 3190 534 3214 lule·
584 3184 655 3222 [73-
691 3190 819 3220 QUQL'E
854 3192 916 3222 pro
949 3191 1111 3219 QUAEQL'E
1145 3184 1180 3215 et
1201 3193 1250 3217 vu.
1282 3185 1339 3219 ⁷4.
1385 3191 1606 3222 tmuium·
1639 3199 1704 3231 pro
1736 3195 1934 3224 Ριιυηῖτᾼτ
1969 3191 2061 3223 iau-u
2099 3191 2295 3224 Marklandi
2329 3190 2456 3224 rescri-

200 3234 339 3279 fl-un.
385 3240 442 3271 92.
466 3248 552 3272 Amr
574 3248 620 3272 rx.
647 3243 748 3272 antea
771 3241 948 3281 legebatur
972 3248 1111 3273 Amvrr.
1132 3249 1199 3273 Eo.
1226 3244 1315 3283 oz]
