2892 3840
991 397 1471 439 sinvsnuu
1536 383 1700 435 Lrn.
1768 385 1825 434 11.

284 517 556 579 Psittacus,
592 514 678 563 ille
713 514 890 580 plagae
921 511 1103 565 viridis
1133 519 1368 575 regnator
1399 511 1563 570 ane3

285 604 447 665 Quem
473 619 578 656 non
605 611 858 667 gemmata
883 603 1101 655 volucris
1134 601 1354 651 Junonia
1386 601 1548 650 cauda

282 696 516 744 vinceret
527 679 546 754 ,⁴
575 702 783 760 aspectu
810 693 963 757 gelidi
989 707 1096 742 non
1126 692 1358 742 Phasidis
1387 691 1510 750 aleS,

282 783 389 836 Nec
417 799 542 851 quas
574 783 805 833 humenti
831 782 1084 836 Numidae
1113 798 1327 849 rapuere
1360 782 1454 832 sub
1487 780 1688 830 Austro.

279 875 367 923 Ille
399 875 641 925 salutator
676 891 877 939 regum,
906 887 1191 940 nomenque
1217 873 1412 922 locutus

282 962 612 1022 Caesareum,
647 971 702 1011 et
729 965 921 1028 queruli
952 964 1206 1029 quondam
1235 966 1348 1014 vice
1382 964 1581 1011 functus
1615 962 1787 1010 amici:

279 1053 425 1105 Nunc
454 1055 669 1103 conviva
699 1053 854 1112 levis,
882 1061 1260 1117 monstrataque
1291 1053 1506 1100 reddere
1532 1052 1691 1100 verba

282 1141 410 1191 Tam
437 1141 620 1189 facilis:
651 1155 751 1204 quo
785 1148 869 1199 tu,
901 1141 1081 1189 Melior
1114 1139 1319 1199 dilecte,
1347 1139 1559 1196 recluso,

279 1232 546 1296 Nunquam
578 1231 716 1280 solus
750 1246 875 1279 eras.
947 1239 1002 1279 at
1028 1244 1133 1279 non
1164 1231 1405 1293 inglorius
1440 1229 1633 1278 umbris

278 1321 527 1370 Mittitur:
556 1319 770 1381 Assyrio
804 1321 994 1368 cineres
1025 1320 1290 1368 adolentur
1318 1335 1536 1378 amomo,

279 1411 348 1459 Et
377 1418 554 1457 tenues
580 1408 806 1457 Arabum
833 1410 1085 1474 respirant
1119 1410 1346 1471 gramina
1375 1409 1595 1472 plumae,

282 1499 605 1562 Sicaniosque
637 1512 830 1546 crocos:
863 1499 1005 1546 senio
1039 1513 1134 1547 nec
1166 1499 1331 1547 fessus
1362 1498 1515 1545 inerti

283 1586 490 1636 Scandit
525 1586 760 1635 odoratos
789 1586 1022 1635 Phoenix
1052 1587 1244 1638 felicior
1276 1588 1432 1648 ignes.

1366 1853 1424 1900 V.

882 1983 1054 2043 LEO
1130 1983 1664 2044 MANSUETUS
1738 1986 1915 2046 IMP.

283 2196 488 2298 Qum
526 2226 621 2275 tibi
654 2234 907 2276 constrata
942 2240 1293 2276 mansuescere
1322 2226 1515 2291 profuit
1545 2228 1652 2276 ira'?

282 2319 414 2380 Quid
449 2322 637 2380 scelus,
664 2321 1006 2385 humanasque
1036 2322 1205 2368 animo
1239 2319 1496 2368 dediscere
1532 2319 1727 2378 caedes,

278 2411 645 2476 Imperiumque
677 2413 810 2474 pati,
840 2419 892 2458 et
923 2410 1127 2459 domino
1158 2424 1335 2473 parere
1368 2410 1582 2456 minori?

281 2499 438 2560 Quid,
471 2500 605 2566 quod
640 2500 778 2548 abire
806 2499 981 2557 domo,
1009 2513 1277 2562 rursusque
1307 2499 1363 2545 in
1392 2499 1608 2546 claustra
1639 2498 1827 2548 reverti

282 2589 491 2648 Suetus,
526 2598 578 2637 et
610 2606 641 2638 a
674 2597 820 2654 capta
850 2590 954 2651 iam
988 2596 1167 2653 sponte
1197 2588 1432 2635 recedere
1465 2587 1669 2652 praeda,

281 2676 592 2742 insertasque
618 2691 797 2727 manus
830 2679 952 2726 laxo
985 2677 1239 2725 dimittere
1266 2676 1470 2724 morsu?

282 2764 477 2813 Occidis
491 2800 505 2823 ,
538 2767 752 2816 altarum
783 2774 1009 2816 vastator
1047 2782 1199 2816 saeve
1232 2767 1468 2825 ferarum,

280 2853 395 2902 Non
425 2870 571 2916 grege
606 2854 853 2915 Massylo,
880 2870 1128 2919 curvaque
1155 2857 1391 2919 indagine
1426 2857 1638 2914 clausus,

280 2942 394 2992 Non
422 2943 693 2992 formidato
721 2957 872 3008 supra
899 2943 1150 2993 venabula
1176 2946 1307 2992 saltu

395 3202 424 3231 v
459 3203 513 3233 32.
538 3202 575 3235 L.
604 3208 767 3232 nmero.
816 3201 871 3232 35.
900 3199 995 3239 Vulg.
1023 3206 1190 3230 crnmxfi.
1238 3200 1292 3230 36.
1318 3205 1537 3234 Schxnst:
1562 3204 1696 3228 cnocis.
1743 3197 1775 3226 7.
1799 3200 1928 3226 noca-r.

2465 387 2526 433 52

2453 510 2519 557 25

2457 956 2524 1002 30

2459 1405 2521 1448 35
