2892 3840
413 459 490 524 1ἠὸ,
1127 472 1172 508 P.
1241 469 1622 508 PAPINII
1689 470 2019 511 s'rA‘r11

413 585 662 634 Extremo
693 584 940 636 fraudatis
975 597 1123 648 epos,
1157 581 1276 631 date
1304 585 1529 634 carmina
1562 584 1708 651 festis

413 675 582 738 Digna
611 676 749 724 toris.
817 674 949 722 huuc
980 674 1118 738 ipse,
1152 670 1257 721 Coo
1287 673 1590 740 plaudente,
1619 674 1840 724 Philetas

415 762 848 829 Callimachusque
877 776 1064 821 seneli,
1099 759 1385 830 Umbroque
1412 763 1704 830 Propertius
1732 771 1878 814 antro

414 852 711 903 Ambissent
743 854 950 902 laudare
988 851 1150 912 diem3
1180 868 1274 902 nec
1307 855 1467 902 tristis
1497 855 1554 902 in
1582 855 1708 919 ipsis

413 943 551 992 Naso
587 944 759 1003 Tomis
773 978 787 1002 ,
818 943 1061 1006 divesque
1087 942 1199 990 foco
1233 943 1429 991 lucente
1466 944 1707 991 Tibullus,

414 1033 498 1081 Me
532 1041 664 1081 certe
690 1049 795 1081 non
824 1047 955 1080 unus
984 1047 1150 1090 amor,
1185 1033 1504 1097 simplexque
1531 1032 1745 1081 canendi

417 1123 583 1172 Causa
617 1123 792 1171 trahit:
827 1128 991 1170 tecum
1019 1121 1208 1170 similes
1229 1123 1532 1185 junctaeque
1566 1120 1851 1171 Camoenae

415 1215 571 1263 Stella
596 1212 749 1271 mihi,
778 1211 1091 1275 multumque
1121 1225 1271 1274 pares
1299 1210 1600 1259 bacchamur
1632 1210 1699 1259 ad
1733 1226 1863 1270 araS‚

414 1305 483 1353 Et
505 1305 701 1353 sociam
737 1302 898 1350 doctis
930 1301 1191 1348 haurimus
1222 1301 1285 1348 ab
1312 1302 1551 1349 amnibus
1581 1301 1784 1351 undam.

414 1395 486 1443 At
519 1401 569 1441 te
598 1398 891 1440 nascentem
924 1391 1113 1452 gremio
1145 1405 1261 1437 mea
1287 1391 1455 1454 prima
1484 1391 1675 1455 recepit

414 1483 760 1545 Parthenope,
796 1480 1052 1543 dulcisque
1090 1480 1196 1526 solo
1229 1487 1284 1526 tu
1314 1480 1471 1542 gloria
1499 1487 1673 1527 nostro

412 1574 660 1638 Reptasti.
729 1570 951 1618 nitidum
978 1577 1246 1631 consurgat
1279 1570 1346 1618 ad
1383 1570 1589 1618 aethera
1615 1568 1761 1619 tellus

414 1664 632 1721 Eubois,
669 1669 720 1708 et
749 1659 957 1724 pulchra
985 1667 1180 1707 tumeat
1212 1660 1422 1708 Sebetos
1452 1661 1679 1709 alumna:

416 1754 520 1803 Nee
553 1753 645 1801 tibi
681 1733 914 1799 sulfureis
951 1749 1196 1796 Lucrinae
1226 1750 1422 1802 ,Naides
1459 1752 1635 1811 antris,

416 1844 521 1894 Nec
553 1841 847 1905 Pompeiani
882 1841 1112 1906 placeant
1142 1841 1304 1901 magis
1338 1841 1442 1888 otia
1470 1840 1631 1888 Sarni.

417 1935 515 1982 Eia
548 1948 665 1994 age,
697 1931 979 1995 praeclaros
1017 1930 1164 1978 Latio
1200 1939 1469 1995 properate
1500 1938 1727 1996 nepotes,

420 2025 518 2084 Qui
547 2023 682 2083 leges
723 2022 807 2085 qui
837 2006 1001 2068 castra
1031 2020 1224 2081 legant,
1260 2021 1344 2084 qui
1374 2022 1597 2068 carmina
1631 2020 1820 2069 ludant.

419 2114 679 2165 Acceleret
705 2118 854 2175 partu
888 2110 1139 2158 decimum
1168 2109 1302 2158 bona
1328 2109 1558 2171 *Cynthia
1590 2126 1817 2159 mensem
1844 2128 1856 2158 τ

425 2205 528 2259 Sed
562 2208 736 2267 parcat
770 2200 961 2248 Lucina
990 2215 1179 2262 precor.
1251 2207 1402 2263 tuque
1433 2201 1542 2263 ipse
1576 2201 1774 2263 parenti

422 2296 602 2351 Parce,
632 2306 781 2355 puer3
812 2306 877 2337 ne
912 2290 1117 2338 mollem
1145 2296 1372 2347 uterum,
1408 2305 1472 2336 ne
1502 2290 1690 2337 stantia
1718 2288 1890 2339 laedas

423 2385 645 2433 Pectora.
717 2395 926 2445 cumque
956 2387 1069 2427 tuos
1106 2380 1258 2427 tacito
1295 2379 1489 2432 Natura
1521 2393 1723 2427 recessu

425 2472 679 2522 Formarit
702 2471 899 2528 vultus,
929 2470 1145 2517 multum
1181 2469 1243 2516 de
1280 2480 1426 2533 patre
1458 2470 1669 2527 decoris,

427 2564 544 2611 Plus
576 2562 639 2609 de
682 2567 844 2608 matre
881 2560 1029 2607 feras.
1100 2559 1171 2606 At
1202 2566 1284 2617 tu,
1315 2559 1655 2623 pulcherrima
1683 2559 1847 2606 forma

429 2653 691 2708 Italidum,
722 2650 930 2696 tandem
963 2650 1144 2696 merito
1181 2663 1416 2712 possessa
1446 2649 1646 2704 marito,

431 2742 607 2790 Vincla
642 2741 730 2787 diu
765 2739 995 2802 quaesita
1026 2738 1158 2786 fove.
1231 2739 1301 2784 sic
1329 2737 1515 2784 damna
1549 2737 1743 2784 decoris

435 2833 586 2882 Nulla
615 2830 734 2888 tibi3
764 2830 941 2890 longae
968 2826 1160 2879 virides
1190 2827 1261 2880 sic
1292 2827 1413 2874 flore
1435 2828 1679 2889 jilventae

435 2921 717 2970 Perdurent
749 2919 948 2977 vultus,
980 2917 1221 2981 tardeque
1251 2917 1376 2966 haec
1411 2917 1575 2965 forma
1611 2924 1852 2965 senescat.

523 3134 563 3164 v.
586 3134 664 3163 251.
691 3131 789 3171 Vulg.
813 3137 913 3163 orus.
959 3132 1038 3163 252.
1063 3137 1192 3162 cuono.
1240 3130 1320 3162 264.
1345 3136 1425 3162 sim.
1471 3131 1551 3164 267.
1577 3130 1615 3161 L.
1639 3135 1800 3162 REGANT.
1848 3128 1926 3160 276.
1955 3133 2101 3159 vnums.
