2892 3840
643 540 779 578 primus
805 540 937 572 celebro
961 541 1097 573 dotalia
1122 550 1244 579 sacra,

417 583 483 620 Qui
507 583 615 623 potui.

323 629 414 660 mem
439 632 491 660 est
514 630 603 668 quod
628 638 731 668 supra
751 629 853 670 dixit,
877 633 941 663 cul
965 632 1035 663 sols·
1057 637 1186 662 cuncta
1213 634 1406 669 impetrare

320 676 476 715 facultas,
504 675 675 706 Glaucia:
701 675 757 707 ubi
773 678 876 707 Vetus
896 679 1086 708 Parmensis
1111 678 1212 708 habet
1235 676 1406 707 Glaucias

321 723 478 754 insontes
507 724 667 753 am‘mas:
713 731 812 761 quam
842 723 1047 763 scripturam
1080 722 1242 755 Heinsius
1274 722 1316 753 ad
1356 721 1409 751 di-

1097 412 1284 462 NOTAE
1317 426 1387 462 Ao
1427 413 1531 463 Lm.
1563 414 1702 463 11..2.

2458 429 2559 478 225

1471 543 1564 573 ctum
1599 540 1674 573 Silii
1706 541 1818 573 locum
1847 543 1993 581 probare
2017 542 2163 576 videtur.
2188 546 2296 577 male:
2338 548 2458 589 quippe
2483 562 2555 587 vox

1474 589 1558 619 ades
1587 588 1733 619 vocandi
1760 598 1873 620 casum
1904 589 2041 621 omnino
2064 591 2213 630 postulat
2229 613 2239 632 ,
2282 591 2456 635 Glaucia,
2482 608 2552 631 non

1475 633 1669 718 gamm}
1701 636 1800 675 [ven.
1825 636 1887 676 qui
1902 640 2004 675 potes
2013 657 2027 675 ,
2071 638 2350 676 quemadmodum
2369 641 2549 676 edideram.

1614 687 1650 710 o.

1205 876 1551 925 ECLOG.
1618 877 1675 924 11.

367 1031 476 1060 Vnus.
511 1032 545 1061 6.
602 1030 685 1061 Huc
719 1040 771 1062 me
796 1037 882 1071 post
903 1033 1022 1071 patrii
1052 1033 1178 1063 laetum
1213 1033 1403 1072 quinquen-

322 1076 385 1105 m‘a
413 1076 540 1114 lustri]
566 1076 750 1107 Laudanda
779 1077 878 1107 Statii
912 1078 1089 1108 modestia.
1112 1072 1225 1108 innuit
1250 1079 1339 1106 enim
1364 1085 1402 1106 se

320 1120 486 1152 victorem
517 1130 591 1151 esse
622 1122 656 1152 in
691 1131 800 1160 agone
824 1122 1072 1161 Neapolitano3
1114 1124 1172 1153 sed
1196 1123 1305 1153 noluit
1331 1122 1402 1161 ple-

321 1166 399 1196 nius
427 1168 547 1197 efferre
574 1176 618 1196 ne
638 1167 822 1205 jactantior
848 1168 1030 1199 videretur.
1056 1169 1207 1210 laetum,
1253 1167 1324 1198 scil.
1355 1167 1402 1198 vi-

320 1212 444 1242 ctoria:
468 1214 506 1242 ut‘
528 1213 615 1249 apud
642 1213 715 1243 val.
742 1214 900 1243 Flaccum
927 1216 983 1254 11,
1014 1215 1089 1244 108.

409 1258 499 1288 Dua·
522 1257 662 1298 Lemni,
681 1268 818 1298 puppes
843 1263 942 1290 tenua·
965 1265 1152 1290 contexere
1177 1268 1295 1290 canna

405 1302 524 1334 Ausus
536 1325 548 1340 ‚
569 1309 605 1334 et
624 1305 761 1335 inducto
790 1310 921 1335 cratem
944 1306 1131 1347 defendere
1155 1310 1264 1346 tergo,

408 1350 515 1380 Laeta
535 1351 631 1380 mari
656 1355 739 1380 tunc
766 1353 869 1391 signa
891 1352 1031 1393 refert.-

319 1394 434 1435 laeta,
482 1397 524 1426 ob
558 1396 734 1426 victoriam
769 1406 868 1435 quam
901 1397 942 1426 de
980 1396 1161 1427 Thracibus
1189 1394 1395 1427 obtinuerat.

317 1441 384 1472 Sed
407 1442 563 1471 mendum
594 1441 671 1472 huic
694 1443 772 1472 loco
795 1445 932 1473 subesse
956 1445 1057 1480 puto:
1103 1451 1173 1471 non
1196 1441 1288 1471 enim
1313 1440 1395 1470 satis

319 1491 369 1517 est
398 1487 510 1517 dicere
541 1494 670 1518 cracem
706 1489 890 1530 defendere
924 1495 1045 1519 'rx-:nco
1059 1509 1069 1527 ,
1112 1487 1178 1517 nisi
1202 1487 1305 1517 addas
1333 1485 1397 1515 ali-

317 1532 394 1570 quid
421 1542 486 1570 quo
508 1533 717 1571 intelligatur
747 1533 847 1572 cujus
872 1535 1039 1564 animalis
1066 1535 1162 1571 tergo
1192 1530 1392 1561 defenditur.

314 1579 388 1608 Hoc
422 1587 503 1609 vero
536 1580 578 1609 ab
612 1578 757 1617 antiquis
788 1580 889 1610 fiebat
921 1581 1070 1610 taurina
1088 1579 1190 1618 pelle.
1214 1577 1395 1617 legendum

314 1623 436 1663 igitur,

533 1667 585 1699 Et
604 1669 743 1699 inducto
769 1675 896 1701 cratem
922 1671 1106 1712 defendere
1132 1676 1269 1710 TAURO,

315 1714 347 1745 id
380 1716 451 1752 est,
472 1714 565 1752 pelle
590 1716 746 1745 taurina.
769 1716 830 1747 Sil.
855 1716 991 1746 Italicus
1018 1716 1059 1747 de
1082 1715 1234 1755 Didone,
1270 1715 1309 1754 1,
1334 1714 1391 1744 25.

407 1762 548 1801 Cingere
570 1770 640 1800 qna
666 1767 757 1792 secto
776 1764 985 1801 permissum
1010 1763 1120 1792 litora
1146 1767 1282 1799 Tauno,

314 1806 378 1836 hoc
407 1810 480 1845 est,
518 1806 611 1844 pelle
631 1809 798 1838 taurina.-
839 1810 921 1839 nota
947 1807 1099 1839 historia.
1144 1809 1222 1846 Ipse
1246 1806 1391 1836 Flaccus

314 1854 379 1893 lv,
403 1853 483 1883 250.
508 1852 549 1882 de
572 1852 759 1883 caestibus:

404 1897 557 1936 Adspice
582 1903 618 1928 et
639 1898 728 1928 llaec
752 1898 864 1929 crudis
888 1899 1019 1930 durata
1041 1898 1220 1929 volumina
1245 1903 1388 1928 TAURIS.

308 1943 469 1981 juvencis
496 1943 614 1974 eodem
639 1952 739 1974 sensu
764 1945 891 1975 Statius
915 1944 1089 1975 Achilleid.
1115 1946 1142 1985 1,
1166 1945 1246 1973 417.

404 1988 525 2020 Lerna
545 1998 674 2029 graves
704 1991 831 2028 clipeos
857 1992 971 2021 caesis
994 1993 1124 2021 vestire
1147 1995 1333 2019 Jquxcls:

314 2034 359 2064 Et
383 2036 540 2065 Lucanus
562 2036 628 2075 lV,
654 2037 732 2067 131.
760 2036 801 2066 de
824 2037 941 2066 harum
967 2036 1126 2075 puppium
1151 2035 1296 2066 fabrica:

404 2081 559 2111 Primum
584 2091 678 2112 cana
700 2082 797 2112 salia·
819 2083 1018 2124 madefacto
1043 2084 1171 2112 vimine
1189 2089 1342 2120 parvam

408 2128 556 2157 Texitur
580 2130 617 2158 in
638 2130 805 2167 puppim,
834 2138 1003 2168 caesoque
1028 2128 1165 2158 inducta
1186 2132 1343 2158 vassxco

409 2173 563 2203 Vectoris
584 2176 729 2211 patiens
753 2175 920 2204 tumidum
949 2179 1181 2213 superenatat
1207 2182 1348 2203 amnem.

312 2221 367 2250 Ex
398 2228 463 2258 quo
489 2219 564 2248 loco
591 2228 652 2250 sua
673 2219 784 2250 hausit
807 2220 878 2250 Val.
901 2220 1065 2260 Flaccus,
1106 2222 1144 2249 ut
1166 2220 1317 2249 notatum
1345 2217 1385 2247 ab

313 2266 411 2297 aliis:
439 2267 472 2295 et
495 2265 573 2295 hinc
598 2265 765 2296 stabilitur
790 2268 906 2296 nostra
932 2264 1131 2297 emendatio.
1177 2265 1280 2296 Plcne
1306 2263 1387 2294 Ovi-

314 2312 389 2342 dius
413 2312 504 2341 Fast.
528 2313 593 2350 lv,
619 2313 696 2343 342.

402 2357 452 2387 Et
463 2358 611 2399 feriunt
632 2358 746 2388 molles
772 2364 917 2388 'raum-:A
937 2364 1059 2387 'renos
1083 2365 1216 2386 numus.

357 2412 389 2433 v.
413 2404 444 2434 7.
494 2404 574 2432 Cum
610 2405 726 2433 stadio
750 2402 828 2441 jam
863 2410 971 2433 motu
1005 2404 1116 2442 quies]
1150 2401 1297 2433 Pessime
1330 2402 1384 2434 hic

311 2449 472 2479 inseritur
507 2455 580 2478 vox
610 2456 737 2480 Piens:
781 2458 884 2486 quare
918 2448 1006 2478 enim
1032 2451 1143 2488 pigra
1168 2448 1386 2489 potissimum,

313 2504 386 2525 cum
404 2495 550 2535 placida
575 2495 630 2525 vel
651 2496 745 2525 laeta
768 2495 822 2524 vel
851 2494 992 2532 quodvis
1014 2494 1104 2524 aliud
1129 2494 1298 2532 epitheton
1322 2504 1386 2525 me-

311 2540 377 2570 lius
408 2541 630 2572 conveniret?
674 2548 781 2571 Piens
818 2543 916 2580 quies
953 2541 987 2570 in
1014 2540 1135 2570 malam
1159 2541 1231 2571 fere
1256 2543 1385 2579 partem

312 2585 463 2616 sumitur.
485 2586 574 2616 infra
600 2587 729 2617 Arbore
753 2587 886 2616 Atedii:

406 2633 472 2661 Cui
498 2642 562 2662 nee
593 2639 700 2664 Plena
725 2632 842 2673 quies,
885 2642 948 2663 nec
970 2633 1096 2672 iniqua
1118 2634 1295 2671 potentia,
1319 2642 1383 2663 nec

529 2686 607 2716 spes

403 2721 577 2759 Improba.

312 2775 412 2805 supra
438 2767 508 2797 Cal.
531 2768 706 2798 Decembr.
730 2776 762 2797 v.
788 2768 844 2797 91.

401 2811 511 2852 Fugit
533 2820 642 2843 Picus
667 2813 772 2848 Quies
797 2816 961 2852 inersque
986 2814 1133 2849 Somnus

401 2858 502 2888 Haec
525 2867 667 2889 cernens
693 2858 786 2888 allas
812 2859 927 2891 adivit
955 2861 1068 2891 nrbes.

309 2904 483 2936 Achilleid.
509 2907 546 2944 1,
573 2905 652 2936 438.

399 2950 477 2981 Hos
504 2954 598 2981 inter
619 2953 729 2981 motus
756 2954 889 2979 mamm
914 2951 1023 2989 gemit
1043 2959 1109 2980 ora
1134 2952 1280 2990 quietem

404 2996 592 3028 Thessalis.

308 3041 470 3080 Apuleius
509 3042 617 3072 Miles.
661 3041 721 3070 XI.
780 3039 1039 3079 Confestn’mque
1074 3040 1240 3072 discussa
1274 3048 1383 3074 Plena

309 3088 438 3127 quiete,
480 3089 603 3118 alacer
630 3095 772 3127 exurgo.
794 3093 896 3123 quare
926 3083 1027 3123 igitur
1050 3087 1160 3127 pigra
1182 3087 1224 3117 de
1247 3087 1383 3119 stadio?

309 3134 366 3164 vel
401 3133 545 3172 denique
576 3133 743 3172 quodnam
777 3139 860 3169 opus
897 3130 967 3160 ullo
994 3130 1160 3171 epitheto,
1204 3142 1278 3163 cum
1303 3133 1383 3165 satis

307 3179 430 3211 fuisset
453 3180 601 3219 dixisse,
626 3189 700 3210 cum
727 3178 840 3208 stadio
858 3175 934 3213 jam
958 3179 1053 3216 quies
1078 3180 1191 3209 esset?
1216 3179 1303 3220 lege,

403 3227 485 3257 Cum
511 3228 626 3258 stadio
650 3224 727 3264 jam
748 3229 870 3254 PARTA
894 3221 996 3260 quies.

1469 1028 1629 1069 Virgilius
1651 1030 1790 1060 Aeneid.
1815 1033 1885 1072 111,
1913 1033 1993 1065 495.

1560 1075 1662 1106 vobis
1686 1081 1816 1150 {Anu
1841 1078 1957 1117 quies3
2002 1079 2133 1111 nullum
2152 1083 2263 1114 maris
2284 1091 2417 1125 aequor
2436 1095 2544 1120 aran-

1710 1131 1774 1152 um·

1468 1165 1514 1196 Et
1535 1166 1620 1207 vn,
1650 1167 1728 1197 593.

1867 1217 1939 1244 tam
1962 1214 2036 1244 diro
2056 1216 2214 1257 foederis
2240 1219 2316 1249 cetu

1557 1256 1683 1287 PARTA
1710 1255 1814 1295 quies.

1463 1303 1508 1333 Et
1536 1303 1614 1333 505.

1553 1349 1679 1379 Pan-n
1702 1347 1796 1386 quies
1821 1347 1953 1378 miseris
1978 1350 2016 1379 in
2040 1359 2184 1389 quorum
2205 1358 2354 1391 pectora
2376 1366 2494 1393 som

1552 1394 1632 1424 Dat
1654 1396 1751 1424 vires
1766 1395 1922 1436 fortuna
1945 1396 2067 1425 minor.

1462 1439 1689 1475 Quintilianus
1719 1439 1829 1469 lustit.
1862 1442 1900 1479 1,
1944 1442 1974 1470 1.
2019 1441 2105 1471 Post
2139 1449 2376 1477 ηιρετιυιτυι
2411 1452 2542 1484 senum,

1462 1488 1545 1516 meis
1575 1485 1731 1523 quietem.
1759 1485 1965 1515 Claudianus
1984 1485 2025 1515 de
2047 1489 2147 1517 cons.
2170 1489 2261 1518 Mall.
2281 1491 2406 1522 Theod.
2427 1503 2460 1526 v.
2483 1499 2540 1529 61.

1552 1531 1739 1571 Postquam
1763 1537 1886 1561 PARTA
1909 1530 2003 1568 quies
2016 1552 2026 1571 ,
2066 1537 2102 1562 et
2123 1541 2287 1564 summum
2311 1543 2417 1569 nacta
2436 1550 2539 1573 eacu-

1683 1584 1759 1605 men

1559 1621 1642 1652 Jam
1669 1629 1795 1652 secura
1816 1623 1914 1658 petit
1930 1622 2111 1659 privatum
2135 1623 2254 1662 gloria
2275 1632 2429 1664 portum.

1464 1668 1683 1698 Germanicus
1705 1666 1857 1698 Arateis:

1556 1714 1599 1746 Si
1621 1724 1690 1744 non
1720 1719 1843 1743 ran-m
1868 1710 1983 1752 quies,
2018 1716 2052 1742 te
2068 1715 2253 1756 praeside,
2282 1719 2457 1757 puppibus
2483 1732 2539 1753 ae·

1682 1768 1769 1799 quor

1554 1804 1754 1844 Cultorz'que
1780 1804 1881 1834 daret
1903 1808 2034 1833 terras.

1460 1849 1619 1890 Virgilius
1642 1851 1725 1889 vn,
1754 1851 1832 1881 598.

1548 1896 1639 1926 Nam
1667 1895 1755 1926 mihi·
1773 1901 1895 1926 Pansa
1922 1894 2029 1936 quies,
2056 1899 2232 1939 omnisque
2254 1901 2291 1930 ἐπ
2316 1901 2434 1933 limine
2448 1912 2531 1942 por.

1678 1947 1748 1972 tus.

1546 1986 1683 2017 Funere
1698 1987 1809 2029 felici
1833 1985 1987 2024 spolior.—

1455 2031 1513 2062 ubi
1558 2032 1667 2063 obiter
1700 2041 1822 2064 moneo
1853 2031 2094 2070 inertissimum
2122 2031 2214 2064 istud
2252 2036 2287 2066 et
2321 2035 2394 2067 sine
2425 2046 2529 2070 sensu

1453 2077 1692 2119 hemistichon,
1737 2080 1911 2118 omnisque
1946 2080 1983 2108 t‘n
2016 2079 2134 2109 limine
2154 2083 2304 2120 portus,
2345 2083 2423 2114 mihi
2450 2094 2529 2116 cor-

1453 2124 1681 2162 ruptissimum
1706 2123 1823 2155 videri.
1870 2123 2008 2153 Servios
2033 2126 2167 2161 tamen,
2202 2135 2263 2156 suo
2287 2135 2401 2170 more,
2424 2129 2530 2161 inter-

1453 2173 1629 2212 pretatur,
1655 2171 1748 2209 quasi
1773 2169 2016 2200 intellexisset:
2045 2170 2226 2202 Securitas
2249 2176 2383 2214 omnis,
2407 2174 2528 2217 inquit,

1454 2220 1493 2248 in
1514 2222 1620 2255 portu
1644 2222 1705 2248 est.
1753 2215 1942 2248 secundum
1966 2215 2053 2246 hunc
2078 2215 2180 2256 igitur
2195 2223 2323 2257 portus
2353 2222 2403 2250 est
2428 2230 2527 2252 secu-

1451 2265 1557 2301 ritas,
1585 2265 1620 2292 et
1646 2264 1747 2293 limen
1775 2263 1826 2292 est
1845 2266 1982 2300 portus.
2008 2261 2087 2300 quid
2113 2262 2216 2294 facias
2240 2263 2317 2295 huic
2338 2265 2527 2309 interpreti,

1452 2311 1511 2340 aut
1539 2317 1604 2346 quo
1626 2309 1716 2340 nodo
1742 2309 1883 2339 teneas?
1907 2307 1995 2338 Alibi
2018 2308 2060 2338 de
2083 2308 2146 2339 hoc
2169 2310 2247 2340 loco
2272 2311 2391 2343 dicam.

1497 2363 1530 2384 v.
1559 2356 1610 2385 15.
1726 2356 1901 2393 monetque
1927 2356 2118 2385 inter-rente
2136 2363 2237 2386 usim

1546 2399 1666 2438 Litus]
1708 2402 1760 2429 lta
1792 2399 1956 2438 plurimae
1981 2399 2167 2431 Editiones.
2195 2401 2388 2432 Gronovius
2412 2402 2521 2435 Diatr.

1457 2455 1485 2476 c.
1508 2446 1579 2476 XV.
1600 2445 1784 2484 frigiditate
1811 2444 1947 2483 epitheti
1971 2453 2065 2476 uxum
2088 2447 2254 2486 offensus,
2302 2447 2410 2485 primo
2429 2449 2523 2487 lege-

1453 2493 1510 2522 bat
1534 2500 1650 2522 uxmm
1674 2491 1787 2530 Litus,
1829 2500 1890 2529 pro
1911 2499 2026 2522 usim:
2062 2502 2157 2530 quam
2182 2493 2380 2523 sententiam
2405 2497 2523 2532 postea

1453 2538 1615 2573 mutavit3
1663 2539 1697 2567 et
1733 2538 1874 2567 affirmat
1905 2537 2045 2567 Statium
2079 2538 2251 2577 scripsisse
2284 2546 2374 2569 musi
2405 2540 2521 2578 Litus;

1454 2583 1650 2622 praesertim
1687 2592 1760 2613 cum
1795 2583 1843 2612 ita
1870 2582 1989 2612 habeat
2015 2582 2115 2614 etiam
2142 2587 2211 2615 MS.
2237 2585 2407 2616 Senensis.
2454 2585 2523 2617 Sed

1452 2630 1532 2659 mihi
1564 2638 1771 2667 nequaquam
1808 2629 2006 2666 persuadet:
2046 2629 2127 2661 licet
2149 2631 2211 2661 hoc
2235 2640 2368 2669 quoque
2391 2631 2525 2670 ingerat

1451 2676 1591 2706 Elench.
1624 2675 1800 2705 Antidiatr.
1834 2684 1861 2704 c.
1897 2676 1955 2704 111.
1992 2674 2106 2707 Adhuc
2138 2677 2227 2707 enim
2250 2676 2325 2707 dico
2352 2677 2523 2715 epitheton

1451 2725 1552 2753 imum
1586 2721 1743 2759 frigidum
1768 2728 1842 2750 esse
1869 2724 1902 2751 et
1926 2720 2081 2751 otiosum.
2104 2722 2225 2762 quippe
2252 2722 2280 2752 si
2303 2722 2439 2762 aliquod
2467 2727 2521 2753 est

1450 2770 1553 2798 imum
1585 2768 1686 2806 litus,
1729 2775 1855 2806 quaero
1882 2766 1961 2804 quid
1986 2765 2030 2796 sit
2053 2776 2216 2799 summum
2240 2768 2343 2799 litus.²
2389 2769 2430 2799 ad
2454 2768 2519 2799 hoc

1450 2813 1509 2844 ille
1536 2813 1738 2853 respondet,
1783 2821 1980 2853 „summum
2007 2812 2086 2843 litus
2109 2818 2187 2845 sunt
2212 2815 2347 2854 scopula·
2368 2815 2520 2853 penden-

1450 2861 1576 2901 ,‚te8.“
1623 2861 1695 2890 Hoc
1722 2858 1826 2898 igitur
1854 2858 1882 2888 si
1907 2867 2022 2889 verum
2051 2859 2115 2898 sit,
2152 2862 2222 2899 jam
2253 2869 2372 2891 sensus
2397 2869 2519 2890 secun-

1450 2907 1527 2936 dnm
1562 2904 1768 2936 Gronovium
1808 2903 1862 2934 hic
1884 2906 1955 2934 est:
1999 2907 2148 2947 infertor
2166 2916 2257 2946 pars
2281 2906 2388 2936 litoris
2416 2906 2521 2936 inter-

1452 2951 1547 2981 venit
1571 2951 1697 2986 nionti3
1733 2952 1898 2988 superior
1923 2958 2012 2988 pars
2040 2950 2150 2982 litoris
2173 2953 2209 2993 (i.
2235 2961 2264 2982 e.
2288 2951 2435 2992 scopuli)
2459 2950 2521 2981 im-

1452 2996 1600 3035 pendent
1625 2997 1731 3026 litori.
1777 2995 1863 3025 Hinc
1885 2996 2077 3026 necessario
2100 2998 2269 3035 sequitur,
2310 3001 2347 3027 ut
2373 2999 2431 3027 aut
2456 2998 2522 3028 duo

1450 3042 1552 3072 litora
1587 3041 1740 3080 fingenda
1762 3040 1845 3080 sint,
1893 3042 1952 3070 aut
1973 3044 2009 3072 ut
2031 3041 2117 3072 idem
2143 3044 2223 3074 litus
2244 3043 2434 3082 impendeat
2456 3043 2524 3074 nti

1452 3090 1536 3126 ipsi.
1583 3096 1722 3126 quorum
1756 3087 1919 3115 utrumvis
1955 3086 2062 3125 primo
2094 3088 2215 3120 intuitu
2242 3090 2421 3120 absurdum
2457 3089 2519 3120 est.

1453 3135 1577 3163 lterum
1611 3133 1687 3163 dico
1720 3131 1808 3162 istud
1831 3133 1933 3161 o’mum
1957 3132 2099 3164 otiosum
2119 3144 2212 3167 esse:
2251 3145 2320 3166 non
2346 3134 2436 3168 enim
2456 3143 2518 3164 ve-

1452 3178 1593 3208 rendum
1628 3180 1701 3209 erat
1735 3186 1778 3207 ne
1804 3177 1876 3215 quis
1899 3181 2033 3216 putaret
2057 3189 2220 3213 summum
2243 3181 2323 3212 litus
2344 3181 2519 3212 interven-

1452 3227 1564 3255 turum
1588 3231 1662 3256 esse
1683 3225 1811 3255 monti.-
1834 3224 1899 3254 hoc
1921 3224 2010 3256 enim
2035 3228 2125 3258 esset
2147 3232 2291 3260 montem
2310 3225 2516 3259 intervenire

1879 3267 1961 3316 Ff
