2892 3840
983 404 1449 444 SILVARUM
1515 390 1680 439 1213.
1750 387 1807 436 V.

268 523 371 572 Illic
405 521 614 570 Oebalio
648 535 751 568 non
785 519 998 568 finderet
1032 523 1150 567 aeta
1185 519 1322 566 disco

270 612 533 660 Graiorum
565 611 644 659 vis
679 610 781 658 ulla
814 610 1004 674 virum:
1040 624 1142 656 non
1177 623 1301 657 arva
1326 608 1512 668 rigaret

269 700 432 749 Sudor
468 700 648 763 equum
666 733 680 757 ‚
714 706 803 747 aut
831 699 966 763 putri
995 699 1215 746 sonitum
1250 696 1396 744 daret
1429 693 1615 755 ungula
1650 682 1851 758 camp03

270 789 374 838 Sed
402 789 592 836 Phoebi
624 788 843 852 simplex
877 787 1069 835 chorus.
1138 786 1220 834 hic
1250 785 1537 833 frondentia
1568 790 1745 833 vatum

267 879 497 926 Praemia
525 876 755 935 laudato,
787 878 1004 939 genitor,
1041 876 1135 924 tibi
1167 876 1264 924 rite
1300 876 1534 923 dicarem.

266 968 378 1032 lpse
404 966 613 1015 madens
647 966 863 1013 lacrimis
876 999 890 1023 ‚
925 966 1213 1013 umbrarum
1243 966 1538 1028 animaeque
1565 960 1797 1011 sacerdos

267 1057 609 1120 Praeciperem
642 1054 862 1100 reditum
877 1087 891 1111 ,
928 1055 1006 1100 cui
1037 1061 1087 1100 te
1122 1068 1215 1100 nec
1245 1053 1490 1101 Cerberus
1527 1053 1666 1100 omni

268 1144 393 1203 Ore,
426 1159 519 1191 nec
553 1141 782 1206 Orpheae
818 1143 1016 1205 quirent
1052 1150 1282 1191 avertere
1311 1142 1474 1202 leges:

266 1234 445 1296 Meque
475 1230 675 1279 habitus
707 1244 970 1293 moresque
1006 1238 1119 1278 tuos
1155 1238 1206 1277 et
1241 1231 1373 1278 facta
1405 1236 1669 1277 canentem

265 1321 391 1368 Fors
428 1327 480 1367 et
511 1319 829 1382 magniloquo
859 1334 961 1367 non
994 1320 1370 1384 posthabuisset
1402 1318 1641 1377 Homero,

267 1409 521 1458 Tenderet
556 1416 608 1455 et
641 1415 787 1457 torvo
820 1409 983 1472 pietas
1019 1424 1233 1473 aequare
1267 1408 1477 1456 Maroni.

268 1498 369 1548 Cur
402 1499 562 1560 magis
592 1499 811 1545 incessat
842 1498 1087 1560 Superos,
1120 1504 1171 1544 et
1206 1499 1334 1544 aena
1365 1497 1618 1557 Sororum]

266 1589 520 1646 Stamina,
557 1602 683 1650 quae
719 1587 891 1650 tepido
925 1587 1148 1648 genitrix
1180 1601 1330 1651 super
1366 1600 1544 1647 aggere
1579 1585 1687 1631 nati

266 1677 400 1725 Orba
434 1676 607 1724 sedet?
640 1676 725 1725 vel
759 1691 885 1740 quae
918 1676 1167 1740 primaevi
1209 1676 1430 1737 conjugis
1465 1675 1636 1735 ignem

264 1766 485 1831 Aspicit,
521 1764 874 1828 obstantesque
908 1779 1116 1822 manus,
1153 1765 1448 1828 turbamque
1479 1770 1736 1810 tenentem

263 1855 452 1914 Vincit,
483 1856 540 1901 in
578 1853 838 1901 ardentem
870 1854 1058 1918 (liceat)
1090 1855 1333 1900 moritura
1363 1851 1632 1900 maritum?

265 1945 425 2006 Major
460 1950 592 1990 certe
627 1943 728 1989 illis
762 1943 979 2007 Superos
1016 1949 1068 1988 et
1098 1941 1310 1989 Tartara
1342 1943 1539 2007 pulsem

266 2033 488 2082 Invidia:
524 2033 749 2079 externis
780 2035 933 2079 etiam
967 2030 1252 2079 miserabile
1281 2031 1397 2080 visu

265 2120 439 2168 Funus
474 2128 571 2168 eat.
642 2120 744 2168 Sed
774 2136 868 2169 nec
906 2120 1058 2169 modo
1092 2135 1146 2168 se
1176 2119 1368 2168 Natura
1401 2107 1607 2177 dolenti,

266 2208 371 2259 Nec
404 2209 569 2257 Pietas
602 2210 790 2271 injusta
820 2210 974 2258 dedit.
1038 2209 1165 2257 mihi
1195 2210 1368 2257 limine
1403 2210 1567 2274 primo

265 2297 534 2356 Fatorum,
571 2306 623 2346 et
654 2299 832 2357 viridi,
869 2300 1090 2360 genitor,
1127 2313 1216 2346 ceu
1251 2306 1424 2363 raptus
1461 2299 1524 2346 ab
1560 2311 1706 2356 aevo,

268 2387 479 2436 Tartara
512 2387 640 2436 dura
673 2388 823 2435 subis.
894 2402 987 2436 nec
1019 2388 1153 2434 enim
1183 2387 1499 2434 Marathonia
1530 2389 1674 2448 virgo

265 2477 468 2525 Parcius
504 2478 783 2524 extinctum
812 2491 1080 2527 saevorum
1115 2477 1320 2524 crimine
1356 2483 1609 2538 agrestum

267 2564 492 2615 Fleverit
518 2566 756 2624 Icarium,
791 2565 1010 2627 Phrygia
1044 2562 1191 2630 quam
1229 2573 1365 2613 turre
1399 2565 1663 2613 cadentem

268 2652 578 2714 Astyanacta
606 2670 801 2718 parens.
871 2655 1048 2720 laqueo
1083 2656 1203 2719 quin
1231 2655 1319 2702 illa
1347 2668 1608 2719 supremos

269 2741 472 2789 Inclusit
503 2744 741 2802 gemitus3
774 2751 827 2791 at
861 2752 911 2791 te
927 2778 941 2802 ,
970 2753 1086 2808 post
1119 2745 1298 2792 funera
1328 2745 1499 2806 magni

268 2829 523 2888 Hectoris,
559 2829 839 2878 Haemonio
872 2833 1035 2895 pudor
1067 2842 1146 2882 est
1179 2834 1397 2884 servisse
1425 2833 1622 2882 marito.

270 2918 384 2969 Non
418 2934 509 2981 ego
546 2933 668 2983 quas
704 2919 797 2967 fati
832 2928 993 2969 certus
1029 2922 1126 2970 sibi
1158 2937 1282 2973 voce
1319 2937 1500 2971 canora

2409 387 2505 437 143

2443 691 2504 735 55

2441 2019 2508 2065 ⁷0

2439 2463 2502 2508 ⁷5

2437 2906 2503 2952 80

360 3154 402 3184 v.
429 3154 483 3185 55.
509 3151 608 3191 ναις.
632 3157 753 3183 FOSSA.
812 3152 867 3182 58.
895 3158 1031 3185 oenus.
1075 3152 1130 3185 59.
1157 3153 1415 3185 Pnucmrnu
1441 3157 1612 3185 semron.
1661 3151 1718 3184 61.
1742 3148 1864 3187 Ατρυε
1887 3154 1960 3182 'rm
1983 3152 2160 3185 moresque
2194 3140 2259 3175 etc.
2303 3139 2359 3172 63.
2386 3134 2501 3175 Forte,

271 3217 401 3244 noeto.
450 3211 505 3242 64.
537 3216 661 3241 SAEVA.
710 3209 766 3241 69.
791 3214 894 3240 Aius.
