2892 3840
330 413 399 462 90
1040 403 1930 449 1³.PA1³1N11s·rA'r11

334 531 547 613 (Audiat
577 531 763 581 infesto
796 529 913 577 licet
940 524 1064 574 haec
1096 519 1408 568 Rhamnusia
1435 516 1604 583 vultu)

335 624 452 674 Non
482 623 645 671 datur.
715 627 766 667 et
791 619 835 667 si
864 619 1061 677 egomet
1088 611 1253 676 patrio
1287 609 1351 658 de
1384 609 1533 655 litore
1559 615 1734 674 raptus

340 712 587 774 Quattuor
617 709 838 758 emeritis
869 719 960 770 per
989 701 1147 760 bella,
1177 716 1268 764 per
1301 713 1551 763 aequora,
1579 699 1750 748 lustris

339 803 606 858 Errarem„
634 806 690 846 tu
722 795 857 844 mille
888 806 1066 859 procos
1099 792 1289 839 intacta
1318 789 1544 850 fugares3

342 892 458 943 Non
481 893 772 938 intersectas
808 888 1092 932 commenta
1122 887 1356 927 retexere
1389 877 1533 935 telas,

345 980 447 1029 Sed
479 980 585 1027 sine
614 975 790 1024 fraude
820 973 1013 1038 palam,
1042 969 1374 1032 thalamisque
1411 966 1588 1014 orbata
1615 979 1868 1028 negasses.

346 1070 441 1118 Dic
474 1074 644 1115 tamen
675 1063 810 1112 unde
845 1063 945 1111 alia
979 1060 1105 1109 mihi
1132 1059 1324 1115 fronte,
1359 1063 1411 1103 et
1442 1055 1616 1104 nubila
1641 1055 1850 1106 vultus}

347 1156 493 1205 Anne
529 1152 662 1217 quod
690 1151 937 1199 Euboicos
968 1151 1131 1198 fessus
1157 1162 1384 1195 remeare
1413 1153 1629 1209 penates

349 1247 606 1309 Auguror,
633 1251 685 1291 et
717 1244 883 1308 patria
917 1243 1112 1289 senium
1144 1251 1441 1301 componere
1477 1235 1641 1282 terra'l

352 1335 453 1386 Cur
484 1335 579 1382 hoc
608 1334 750 1381 triste
780 1332 904 1379 tibi?
933 1337 1064 1378 certe
1094 1327 1304 1377 lascivia
1332 1324 1469 1373 cordi

352 1424 527 1481 Nulla,
559 1438 652 1470 nec
680 1428 768 1469 aut
809 1419 975 1485 rapidi
1013 1418 1233 1466 mulcent
1272 1425 1322 1462 te
1357 1414 1548 1479 praelia
1583 1410 1737 1471 Circi,

355 1513 460 1561 Aut
490 1513 646 1559 intrat
676 1523 852 1558 sensus
885 1508 1089 1556 clamosi
1118 1504 1265 1552 turba
1299 1504 1507 1551 theatri:

358 1601 461 1650 Sed
488 1600 739 1664 probitas,
768 1605 820 1645 et
849 1612 1003 1662 opaca
1036 1597 1201 1660 quies,
1238 1601 1290 1640 et
1322 1592 1527 1654 sordida
1551 1607 1810 1658 nunquam-

362 1689 572 1737 Gaudia.
641 1685 775 1745 Quas
814 1693 984 1734 autem
1014 1685 1249 1733 comitem
1283 1690 1333 1730 te
1363 1689 1507 1746 rapto
1542 1699 1632 1747 per
1659 1683 1853 1732 undas?
1913 1673 1921 1680 ’

363 1778 702 1842 Quamquam,
738 1784 790 1823 et
818 1777 863 1823 si
897 1775 1085 1836 gelidas
1112 1776 1239 1822 irem
1272 1787 1539 1820 mansurus
1574 1772 1641 1820 ad
1669 1772 1872 1831 Arctos,

362 1868 456 1916 Vel
481 1882 629 1932 super
661 1865 937 1928 Hesperiae
969 1862 1104 1913 vada
1132 1863 1398 1924 caligantia
1434 1862 1637 1922 Thules,

364 1958 469 2007 Aut
498 1956 880 2022 septemgemini
910 1960 1058 2017 caput
1089 1953 1226 2001 haud
1257 1953 1566 2018 penetrabile
1600 1952 1725 2012 Nili,

364 2046 636 2096 Hortarere
666 2045 793 2094 vias.
861 2043 1066 2090 Etenim
1103 2049 1191 2090 tua
1203 2077 1222 2102 ‚.
1249 2044 1449 2108 (nempe
1479 2044 1697 2106 benigna

366 2136 527 2196 Quam
561 2135 688 2183 mihi
721 2141 854 2182 sorte
887 2132 1060 2181 Venus*
1086 2135 1314 2196 junctam
1347 2133 1637 2180 florentibus
1672 2133 1823 2181 annis

369 2225 550 2274 Servet
583 2231 635 2271 et
666 2224 721 2270 in
751 2224 945 2270 senium
959 2222 991 2286 ;)
1022 2229 1132 2280 tua,
1170 2223 1318 2287 (quae
1354 2237 1437 2270 me
1473 2222 1681 2273 vulnere
1711 2223 1881 2287 primm

367 2315 613 2362 Intactum
643 2313 900 2370 thalamis,
937 2319 988 2358 et
1022 2311 1183 2360 adhuc
1208 2311 1435 2373 juvenile
1468 2319 1742 2372 vagantem

367 2404 578 2468 Fixisti)
615 2411 702 2451 tua
736 2403 878 2450 frena
906 2403 1095 2461 libens,
1129 2403 1399 2465 docilisque
1429 2403 1619 2466 recepi3

370 2493 437 2543 Et
472 2493 629 2542 semel
655 2493 869 2539 insertas
895 2505 999 2538 non
1031 2498 1313 2539 mutaturus
1347 2491 1570 2539 habenas

369 2582 536 2647 Usque
564 2597 753 2646 premo.
826 2581 924 2629 Ter
955 2597 1038 2629 me
1066 2582 1241 2630 nitidis
1275 2574 1473 2629 Albana
1501 2579 1757 2629 ferentem'

373 2672 523 2720 Dona
557 2672 737 2728 comis,
767 2678 1035 2733 sanctoque
1061 2671 1295 2718 indutum
1326 2669 1561 2718 Caesaris
1591 2683 1719 2717 auro

373 2758 658 2807 Visceribus
694 2759 958 2821 complexa
987 2760 1109 2818 tuis3
1146 2761 1389 2824 sertisque
1426 2759 1613 2807 dedisti

376 2848 557 2897 Oscula
587 2848 767 2896 anhela
799 2849 940 2895 meis.
1011 2846 1113 2905 Tu,
1146 2863 1260 2895 cum
1294 2846 1542 2912 Capitolia
1574 2854 1783 2896 nostrae

379 2938 599 2985 Inficiata
629 2937 799 2998 lyrae,
830 2950 1040 2987 saevum
1073 2937 1421 3004 ingratumque
1456 2939 1666 2988 dolebas

2527 977 2592 1023 10

2535 1426 2600 1471 15

2542 2316 2607 2362 25

2549 2762 2617 2826 ³0

472 3166 511 3194 v.
557 3166 589 3195 9.
624 3167 722 3205 vulg.
754 3174 1019 3201 mma-rums.
1067 3172 1120 3202 10.
1153 3177 1412 3210 THALAMOSQUE
1447 3178 1600 3205 ΑΒΜΑΤΑ-
1648 3171 1724 3212 [11.v
1754 3177 1912 3213 vumus,
1938 3170 2037 3203 antea
2060 3174 2276 3203 vomas».
2306 3171 2390 3211 Dm]
2437 3170 2493 3204 22.
2518 3170 2618 3203 Huc

387 3226 476 3251 unus
503 3221 572 3251 tua.
619 3223 676 3254 28.
699 3230 847 3259 vmrsrx.
892 3228 950 3260 29.
978 3234 1100 3259 comes.
