2892 3840
365 413 465 465 168
1237 406 1425 456 Nom:
1454 419 1524 456 An
1557 403 1664 455 Lm.
1693 403 1730 452 Ι.
1775 407 1818 452 1.

363 542 462 572 datur
493 536 572 569 mihi
604 545 671 567 non
695 541 906 575 assurgere,
956 531 979 563 i.
1006 539 1035 561 e.
1066 531 1205 569 sectere,
1243 532 1454 571 Imperatore

364 584 568 629 praesente!
593 582 715 613 iterum
738 581 819 613 silv.
847 581 890 617 11,
915 579 946 607 6.
983 583 1014 606 v.
1041 575 1109 606 99.·

453 631 517 662 Sic
541 630 630 668 ripis
660 637 719 668 ego
746 623 995 657 murmurantis
1022 620 1138 652 Hebri

453 678 533 708 Non
555 676 682 705 mutum
709 675 816 710 caput
845 667 999 706 Orpheos
1024 667 1218 707 sequebar:

364 734 432 756 uon
468 730 595 755 mutum
620 719 718 757 caput
742 719 792 747 est
817 716 947 753 loquax
975 715 1076 751 caput
1102 712 1273 752 Orpheos,
1317 712 1359 743 de
1387 720 1453 750 quo

363 769 481 809 Virgfl,
518 769 637 803 Georg.
674 764 736 794 lV.
774 761 879 792 adhuc
904 758 1065 790 Thebaid.
1090 760 1148 799 vl,
1172 759 1255 789 544.
1278 757 1320 788 de
1343 759 1455 788 Lean-

364 817 424 848 dro
455 814 614 850 natante,
639 806 807 846 chlamydi
831 805 984 844 intexto,

453 861 496 890 In
523 859 615 887 latus
639 857 688 884 tre
711 861 836 888 manu,
861 854 1126 889 mutaturusque
1150 849 1289 878 videtur

450 902 632 938 Brachia;
658 907 720 928 nec
743 898 869 928 siccum
894 901 1030 935 spectes
1059 896 1096 925 in
1122 896 1271 925 stamine
1297 894 1451 923 crinem.-

360 953 408 983 ita
442 947 602 988 legendus
636 945 751 982 locun
797 943 922 983 vulgo,
970 950 1119 980 manus,
1164 942 1197 969 et
1231 948 1363 978 speres.
1387 949 1451 969 nee

359 999 489 1035 spectes
520 995 650 1024 siccum
676 989 824 1030 crinem,
856 988 890 1018 id
915 989 986 1028 est,
1018 986 1203 1018 nummum.
1228 986 1324 1016 tanto
1346 985 1452 1015 artili-

359 1042 409 1073 cio
443 1038 615 1071 elaborata
651 1036 714 1066 fuit
753 1036 899 1074 chlamys
935 1034 1014 1074 ista,
1059 1035 1097 1063 ut
1126 1031 1225 1062 etiam
1255 1031 1365 1062 crines
1392 1041 1452 1061 na-

357 1087 457 1119 tantis
492 1082 638 1115 Leandri
675 1082 807 1113 humidi
837 1081 1035 1111 viderentur
1061 1079 1096 1108 in
1121 1077 1274 1109 stamine.
1322 1076 1452 1120 Tayci-

357 1137 410 1164 tus
436 1131 555 1164 Annal.
583 1132 607 1159 1.
638 1129 678 1158 de
706 1127 905 1167 Sempronio
932 1125 1104 1157 Graccho:
1136 1125 1231 1154 Tunc
1257 1124 1379 1154 milites
1405 1125 1454 1155 ad

358 1181 494 1211 eaedem
537 1176 636 1207 missi
668 1176 877 1205 invenerunt
906 1175 942 1204 in
973 1172 1188 1212 prominenti
1215 1170 1330 1200 litoris
1367 1169 1451 1200 nihil

357 1228 480 1257 laetum
505 1223 756 1262 opperientem:
795 1221 829 1251 id
854 1221 904 1250 est
930 1220 1045 1250 omnia
1068 1218 1190 1248 tristia
1218 1215 1451 1254 opperientem

356 1282 413 1303 seu
439 1269 683 1309 expectantem.
731 1268 883 1299 Alterum
909 1265 1119 1303 exemplum,
1145 1262 1205 1292 sed
1230 1262 1450 1303 luculentum,

356 1319 474 1350 addam
512 1324 556 1346 ex
582 1313 741 1345 Thebaid.
767 1314 828 1355 IX,
857 1313 932 1345 334.
961 1310 1018 1341 ubi
1046 1308 1250 1340 describitur
1278 1309 1450 1339 caelatura

356 1365 390 1395 in
418 1364 526 1402 clipeo
551 1360 714 1392 erenaei:
1226 1398 1232 1405 ¹

448 1409 584 1440 Sidonis
608 1407 665 1436 hic
690 1406 811 1436 blandi
831 1413 897 1444 per
923 1402 1073 1433 candida
1097 1405 1197 1440 terga
1212 1401 1361 1437 jurem-2·

450 1455 533 1486 Jam
561 1461 689 1483 secura
712 1452 845 1487 maris,
868 1450 994 1480 teneris
1014 1447 1092 1486 jam
1117 1455 1251 1477 cornua
1270 1446 1401 1485 palmis

444 1503 521 1532 Non
548 1500 659 1528 tenet:

353 1545 443 1576 mira
477 1544 604 1577 locutio
642 1542 775 1572 videtur
812 1550 879 1571 non
918 1544 1033 1570 tenere
1064 1536 1191 1575 aliquid
1217 1535 1368 1566 manibus
1398 1541 1447 1566 te-

355 1593 474 1623 neris:
503 1591 583 1631 quid
608 1589 697 1619 enim
722 1596 877 1617 manuum
903 1585 1093 1615 teneritudo
1125 1583 1167 1614 ad
1190 1592 1258 1612 nou
1284 1584 1445 1613 retentio-

355 1647 431 1668 nem
463 1639 514 1668 rei
548 1634 712 1673 alicujus?
760 1633 825 1664 Sed
859 1631 886 1661 si
911 1641 977 1661 non
999 1636 1116 1661 tenere
1140 1629 1292 1659 manibus
1317 1628 1443 1658 teneris

354 1684 502 1723 accipias
527 1692 589 1722 pro
616 1682 782 1712 dimittere
806 1677 958 1708 manibus
987 1676 1134 1715 teneris,
1180 1677 1360 1705 evanescet
1384 1676 1443 1705 ob-

353 1730 506 1763 scuritas,
550 1730 598 1759 ita
632 1727 712 1758 Silv.
747 1727 796 1764 V,
836 1726 866 1756 3.
913 1733 975 1753 nee
1007 1723 1082 1752 lissa
1116 1723 1276 1762 gavisam
1305 1721 1442 1751 Pallada

353 1778 463 1817 buxo,
506 1778 575 1814 est,
620 1779 653 1803 et.
675 1771 812 1802 Pallada
837 1779 905 1800 non
928 1770 1088 1809 gavisam
1117 1768 1193 1797 fissa
1218 1768 1330 1807 buxo,
1378 1768 1440 1797 hoc

354 1823 423 1857 est,
466 1822 719 1851 abomz’nantem
756 1819 789 1846 et
821 1817 895 1846 odio
924 1815 1114 1845 habentem.
1148 1813 1194 1842 ita
1230 1823 1292 1842 nec
1329 1813 1442 1852 major

351 1867 424 1898 sitis
451 1876 512 1905 pro
539 1872 571 1897 et
596 1866 727 1900 minor,
759 1863 840 1893 silv.
869 1863 934 1900 lv,
960 1862 991 1890 7.
1019 1870 1082 1889 nec
1109 1858 1223 1896 major
1243 1859 1356 1898 fragor
1381 1868 1440 1897 pro

351 1918 387 1944 et
411 1915 541 1949 minor,
581 1912 651 1947 111,
682 1913 710 1940 1.
736 1917 832 1948 quam
858 1917 926 1936 non
958 1904 1071 1943 major
1095 1904 1204 1943 gloria
1230 1914 1290 1942 pro
1316 1910 1441 1943 quanto

349 1961 481 1995 minor,
523 1956 661 1995 Epiced.
695 1956 731 1985 in
766 1955 898 1984 Patrem
936 1960 966 1981 v.
1000 1952 1079 1982 219.
1115 1950 1170 1981 ubi
1208 1951 1293 1981 male
1319 1952 1442 1990 legitur

349 2015 419 2045 qua
443 2014 524 2035 non.
550 2003 604 2035 Sic
629 2011 695 2031 non
720 2010 847 2040 magna
871 1998 953 2029 ratis
986 2006 1046 2036 pro
1069 2006 1209 2035 parva,
1234 1998 1439 2030 Nemesiano

349 2047 472 2091 Cyneg.
504 2059 536 2081 v.
578 2049 630 2079 59.
665 2058 732 2078 non
767 2047 872 2077 tarda
905 2053 966 2083 pro
992 2044 1095 2084 agilis
1119 2045 1152 2073 et
1178 2053 1298 2083 gnava
1321 2045 1439 2084 Virgil.

347 2099 472 2135 Georg.
497 2099 551 2135 11,
588 2095 663 2124 125.

440 2142 486 2172 Et
508 2149 591 2182 gens
618 2139 682 2169 illa
707 2138 837 2176 quidem
867 2137 988 2166 sumtis
1016 2144 1085 2165 non
1108 2134 1205 2164 tarda
1223 2135 1416 2174 pharetris.

343 2187 501 2226 pluribus
534 2186 616 2216 haec
641 2184 784 2221 adnoto,
826 2192 868 2211 ne
894 2180 1076 2211 locutionis
1107 2180 1285 2211 insolentia
1308 2181 1436 2213 tirones

347 2234 506 2264 offendat.
537 2232 579 2262 ad
612 2231 700 2259 hunc
736 2228 837 2268 igitur
870 2236 996 2257 morem
1020 2236 1073 2256 me
1099 2237 1166 2257 non
1187 2229 1358 2268 gaudente
1386 2231 1436 2259 est

346 2289 398 2310 me
428 2280 583 2319 dolente,
630 2277 744 2315 utpote
777 2275 830 2304 cui
862 2273 1004 2312 gloriam
1031 2273 1218 2303 servandae
1240 2275 1373 2314 patriae
1399 2278 1435 2306 tu

344 2327 560 2365 praereptum
598 2322 675 2352 ires.
724 2323 873 2351 Cruceus
904 2319 1029 2350 retinet
1064 2329 1133 2349 non
1167 2321 1336 2357 audente,
1371 2321 1434 2352 hoc

343 2380 461 2402 sensu:
491 2380 543 2401 me
569 2379 637 2399 non
665 2369 831 2406 audente,
861 2366 890 2395 id
920 2368 989 2405 est,
1017 2366 1051 2395 si
1075 2376 1133 2405 ego
1158 2376 1226 2395 non
1251 2376 1360 2397 ausus
1383 2378 1433 2399 es-

343 2427 435 2454 sem,
452 2420 641 2455 utsupra,
671 2421 704 2446 te
729 2415 831 2454 signa
849 2414 1004 2455 ferente,
1026 2413 1059 2441 se·
1079 2417 1117 2442 tu
1141 2413 1242 2452 ,signa
1263 2414 1432 2445 tulisses:

341 2464 431 2494 Galli
463 2463 636 2501 dicerent,
676 2470 722 2491 au
758 2469 819 2490 ens
853 2468 916 2499 que
939 2458 982 2496 vje
1018 2464 1049 2487 n‘
1075 2467 1175 2489 eusse
1210 2459 1241 2488 le
1276 2470 1435 2501 eourage.

342 2511 432 2540 Bene
468 2510 551 2540 haec
593 2510 766 2542 Cruceus,
808 2506 841 2535 et
869 2505 946 2534 ideo
975 2503 1009 2533 in
1034 2506 1129 2534 textu
1154 2504 1236 2534 nihil
1262 2509 1366 2536 muto.
1393 2507 1434 2537 de

342 2555 453 2595 phrasi
483 2555 559 2585 vide
585 2552 793 2583 Gronovium
821 2551 860 2581 ad
887 2552 1006 2581 senec.
1034 2550 1074 2580 de
1102 2552 1213 2580 Benef.
1238 2553 1264 2590 Ι,
1298 2555 1348 2583 10.
1374 2555 1435 2584 Se..

342 2602 474 2640 quitur,
515 2600 712 2641 profundos
741 2601 794 2628 lre
820 2598 945 2627 lacus.-
979 2606 1046 2625 non
1072 2597 1174 2626 male:
1213 2606 1285 2627 cum
1314 2601 1432 2636 quarto

340 2647 430 2678 enim
457 2654 535 2676 casu
561 2645 622 2675 hoc
647 2646 784 2675 verbum
808 2643 979 2682 junfflur,
1021 2645 1058 2672 ut
1080 2643 1182 2673 Theb.
1216 2644 1317 2684 vm,
1354 2646 1432 2677 512.

340 2694 398 2725 ubi
423 2691 588 2724 Hercules
614 2691 801 2721 Minervam
829 2687 1028 2725 alloquitur:

557 2738 636 2777 ipsa
660 2742 695 2767 et
716 2743 845 2771 comes,
872 2735 969 2764 invia
994 2742 1123 2763 mecum

431 2783 592 2819 Tartara,
618 2784 657 2813 ni
688 2782 840 2820 Superos
865 2779 1023 2810 Acheron
1048 2778 1259 2815 excluderet,
1283 2778 1389 2810 isses:

340 2831 387 2862 ita
435 2829 613 2868 legendum
645 2830 750 2867 puto;
796 2827 898 2865 vulgo
934 2825 1047 2863 inepte
1080 2826 1162 2863 ipsa
1194 2824 1257 2854 heu
1296 2835 1427 2857 comes:

339 2876 498 2914 scriptum
533 2876 606 2905 erat
641 2884 683 2905 veu
715 2882 777 2913 pro
804 2879 862 2912 et,·
906 2872 995 2901 unde
1020 2871 1107 2901 istud
1131 2870 1208 2900 heu.
1255 2872 1322 2902 Sed
1349 2872 1428 2902 mihi

340 2921 523 2956 Statianum
552 2919 656 2959 magis
679 2921 813 2951 videtur
834 2919 1012 2960 profundo
1039 2919 1092 2948 [re
1119 2917 1221 2958 lacu,
1258 2917 1292 2948 id
1316 2921 1367 2948 est
1391 2921 1425 2949 z‘n

340 2969 476 2999 lacum.-
501 2966 547 2997 ita
568 2967 666 2997 Baln.
691 2965 824 2997 Etrusci
850 2973 879 2995 v.
907 2967 960 2995 51.

428 3013 548 3043 Extra
575 3020 689 3045 autem
715 3014 813 3043 niveo
835 3012 895 3051 qui
919 3011 1075 3050 margine
1099 3008 1261 3039 caerulus
1286 3011 1400 3041 amnis

434 3058 545 3093 Vivit,
578 3064 608 3089 et
635 3062 671 3090 in
697 3067 860 3089 summum
878 3057 995 3097 fundo
1015 3060 1117 3094 patet
1144 3057 1253 3085 omnis
1272 3057 1320 3086 ab
1346 3058 1425 3094 imo,

432 3104 496 3132 Cui
513 3113 578 3133 non
605 3112 666 3135 nu:
689 3112 793 3142 meu,
817 3105 1005 3144 pigrosque
1031 3101 1213 3132 exsolvere
1239 3104 1390 3134 amictus

433 3147 614 3179 suadeat?

340 3191 470 3232 Supra,
496 3192 557 3222 hac
583 3194 698 3232 Eclog.
720 3203 751 3224 v.
773 3196 829 3224 67.
853 3193 1091 3230 Famosusque
1121 3192 1242 3230 lacus,
1281 3202 1424 3226 numero

340 3236 524 3277 singulari,
550 3237 630 3269 licet
657 3238 702 3269 ibi
730 3241 835 3269 Vetus
860 3238 976 3270 Codex
1003 3237 1126 3268 habeat
1156 3237 1319 3271 Famosi:
1356 3249 1425 3271 non

2377 426 2481 477 513
2520 427 2623 477 914

1525 530 1625 561 male.
1664 531 1699 561 et
1731 538 1762 561 v.
1796 530 1852 561 72.
1888 533 2006 572 terque
2031 531 2148 564 arana
2173 533 2290 567 mersit
2310 536 2419 571 ,colla
2446 537 2525 569 lacu
2547 542 2621 570 tre-

1519 577 1637 615 pidus.
1674 574 1753 607 mihi
1787 575 1901 614 placet
1926 577 2107 619 profando
2143 579 2226 611 tacu
2262 581 2318 612 vel
2341 583 2384 614 ob
2406 582 2493 615 hanc
2515 583 2619 615 ratio-

1523 630 1600 652 nem
1632 622 1670 652 ut
1706 622 1832 653 vitetur
1860 622 1977 654 sibilus
2015 623 2049 652 et
2082 622 2312 662 Sigmatismus
2335 627 2500 670 istorum,
2536 638 2622 670 pro-

1517 669 1652 711 fundos
1679 667 1740 698 Ire
1763 668 1863 699 lacus
1875 690 1886 706 ‚
1932 669 1993 700 sed
2017 668 2130 700 Rom-a
2150 674 2233 702 tuas
2256 674 2423 706 tenuisset
2451 674 2622 708 habenae.

1523 713 1574 744 ire
1609 714 1712 754 lacu,
1756 713 1792 743 id
1824 715 1897 755 est,
1943 716 1980 745 in
2010 715 2146 752 lacum,
2189 718 2227 747 ut
2252 717 2304 748 ire
2330 719 2430 758 polo,
2470 721 2619 760 Epithal.

1523 759 1673 799 Stellae,
1699 761 1736 789 in
1755 759 1874 799 polum
1902 759 2035 791 deferre
2063 762 2212 793 montem
2236 763 2386 796 vatttbm
2400 787 2410 806 ,
2435 764 2472 796 in
2493 768 2619 809 vallet,

1520 805 1593 836 Val.
1619 805 1732 837 Flacc.
1759 807 1813 845 11,
1840 807 1916 838 523.
1945 807 2103 838 Notanda
2128 817 2210 839 vero
2235 809 2374 849 Ellipsis
2405 809 2470 842 ista
2494 820 2528 844 v.
2557 812 2615 846 79.

1741 855 1779 881 tu
1804 851 1895 882 bella
1924 851 2046 889 Jovz‘s,
2070 858 2110 893 tu
2126 855 2274 895 praelia
2297 855 2433 894 Rheni,
2460 858 2530 892 etc.

1615 892 1734 936 Longo
1765 896 1882 928 Marte
1910 897 2043 928 domas:

1516 950 1618 972 nemo
1645 941 1768 974 dicitur
1806 944 1946 974 domare
1981 945 2072 975 bella
2093 946 2128 975 et
2149 947 2293 985 praelia
2316 947 2420 987 longo
2445 948 2545 980 bello.
2567 947 2620 980 ifl-

1519 987 1738 1026 telligendum
1769 989 1864 1027 quasi
1890 989 2097 1032 scripsisset,
2121 996 2159 1022 tu
2186 992 2278 1023 bella
2304 993 2420 1031 Jovae‘s,
2445 998 2486 1025 tu
2512 1000 2618 1035 prad-

1519 1034 1570 1064 Iz'a
1592 1033 1710 1064 Rheni
1733 1042 1863 1073 euuus3
1889 1037 1923 1065 tu
1950 1037 2069 1068 domas
2098 1037 2198 1068 civile
2218 1040 2334 1079 nefas,
2363 1041 2427 1070 etc.
2451 1041 2544 1072 Haec
2566 1040 2617 1072 lo-

1521 1079 1645 1118 quendi
1686 1080 1794 1111 forma
1829 1081 1963 1120 optimis
1989 1082 2208 1123 scriptoribus
2231 1085 2501 1118 familiarissima.
2547 1087 2619 1120 No-

1521 1128 1591 1157 ster
1623 1125 1724 1156 Theb.
1756 1128 1839 1168 vn,
1866 1129 1944 1159 560.

1611 1171 1666 1201 Hi
1683 1174 1847 1210 precibus
1869 1179 2055 1214 questuque
2077 1175 2182 1214 deon
2204 1173 2263 1207 hic
2288 1175 2427 1209 Martia
2454 1177 2528 1210 tela

1610 1217 1870 1259 Bettfigerosque
1895 1220 2074 1252 hortantur
2097 1230 2223 1261 equos:

1521 1262 1613 1301 atqui
1647 1272 1746 1294 nemo
1770 1265 1934 1297 hortatur
1957 1267 2039 1298 deos
2061 1268 2228 1305 precibus
2257 1269 2291 1298 et
2320 1273 2466 1309 questu.-
2513 1268 2614 1300 intel-

1520 1308 1693 1347 ligendum
1732 1309 1834 1350 igitur
1866 1313 1997 1343 adeunt
2020 1313 2077 1343 vel
2095 1314 2261 1356 fatigant
2286 1314 2367 1345 deos
2388 1311 2560 1354 precibus
2579 1316 2614 1346 et

1518 1360 1661 1396 questu,
1701 1357 1736 1386 et
1768 1366 1872 1396 equos
1907 1357 2105 1390 hortantur.
2130 1359 2199 1390 tale
2222 1362 2274 1390 est
2298 1360 2389 1391 istud
2413 1361 2486 1392 vul.
2515 1362 2614 1393 Flac-

1517 1401 1550 1431 ci
1575 1404 1636 1439 ιιι,
1663 1403 1742 1432 202.

1607 1447 1671 1478 Illi
1686 1453 1803 1478 autem
1815 1458 1924 1489 neque
1935 1448 2050 1480 adhuc
2058 1452 2217 1492 gemitus,
2237 1461 2345 1492 neque
2357 1453 2501 1483 conscia
2513 1453 2616 1495 factu·
2669 1452 2672 1453 ⁷

1609 1492 1685 1522 Ora
1710 1495 1841 1524 levant:

1515 1536 1571 1567 ubi
1596 1539 1622 1569 si
1647 1534 1718 1570 ἀπὸ
1744 1537 1860 1572 κοινοῦ
1883 1547 1995 1569 sumas
2020 1536 2060 1572 τὸ
2086 1540 2226 1579 levant,
2258 1550 2368 1581 neque
2389 1545 2537 1583 gemitus
2565 1543 2610 1573 te-

1514 1590 1604 1615 vant
1636 1593 1743 1622 neque
1776 1595 1862 1621 ora,
1901 1585 2103 1616 sententiam
2128 1597 2342 1629 corrumpes,
2388 1597 2463 1619 cum
2489 1589 2608 1620 levare

1510 1632 1657 1671 gemitus
1688 1630 1789 1661 menti
1826 1632 1947 1669 poetae
1983 1632 2121 1663 omnino
2159 1633 2367 1664 contrarium
2391 1636 2454 1665 est.
2484 1635 2608 1666 subau-

1513 1675 1689 1717 diendum,
1735 1686 1844 1716 neque
1877 1678 1984 1709 edunt
2014 1679 2071 1710 vet
2099 1681 2259 1711 emittunt
2283 1679 2449 1722 gemitus,
2495 1689 2606 1720 neque

1513 1723 1633 1753 levant
1655 1732 1725 1754 ora.

1557 1777 1589 1798 v.
1616 1770 1670 1799 85.
1762 1777 1858 1809 quem
1881 1769 2023 1799 tradere
2050 1778 2085 1800 es
2112 1771 2238 1810 ausus]
2286 1771 2356 1801 Hos
2379 1778 2500 1801 versus
2521 1779 2604 1810 quos

1511 1813 1644 1844 uncinis
1668 1813 1816 1844 inclusos
1843 1813 1958 1854 vides,
1993 1816 2254 1854 comparationis
2277 1817 2400 1847 seriem
2423 1816 2607 1848 interrum-

1511 1863 1652 1898 pentes,
1695 1859 1722 1888 si
1750 1860 1883 1900 sapias,
1917 1861 2058 1901 Lector,
2094 1862 2322 1893 transmittes:
2357 1865 2487 1894 certum
2513 1863 2603 1894 enim

1506 1909 1561 1936 est
1596 1906 1656 1935 hos
1691 1906 1824 1943 spurios
1860 1908 1894 1936 et
1929 1906 2086 1938 insititios
2113 1917 2198 1938 esse.
2223 1909 2320 1939 Patet
2350 1908 2413 1940 hoc
2432 1919 2476 1940 ex
2502 1918 2603 1941 versu

1510 1955 1566 1983 88.
1602 1961 1704 1992 quam
1736 1952 1860 1993 longus
1893 1953 1929 1983 in
1953 1959 2047 1984 nunc
2071 1954 2255 1993 despectus
2281 1956 2322 1986 ab
2350 1962 2445 1986 um:
2485 1957 2520 1986 et
2547 1957 2603 1988 89.

1508 2000 1568 2040 qni
1600 2008 1667 2028 non
1705 2003 1743 2028 ut
1777 2000 1904 2030 viderit
1934 2007 2069 2030 Annos:
2111 2009 2132 2030 e
2167 2000 2287 2039 quibus
2313 2001 2526 2032 manifestum
2551 2004 2603 2033 est

1509 2051 1601 2075 nuos
1636 2045 1765 2074 tantum
1800 2054 1924 2085 equos,
1969 2045 2052 2077 Julii
2077 2047 2232 2078 Caesaris
2258 2049 2294 2078 et
2320 2047 2523 2088 Domitiani,
2565 2047 2602 2080 iu

1509 2090 1796 2128 comparationem
1822 2091 1985 2122 deductos
2012 2101 2107 2131 esse;
2146 2097 2180 2123 et
2204 2093 2347 2132 proinde
2372 2094 2503 2125 nullum
2527 2102 2600 2126 esse

1506 2138 1617 2168 locum
1643 2136 1834 2175 Bucephala
1866 2138 2095 2182 Alexyandri.
2144 2139 2199 2172 Sic
2224 2140 2327 2180 igitur
2352 2139 2502 2173 hiantem
2526 2142 2601 2174 Sta-

1502 2183 1589 2214 tium
1617 2185 1818 2224 connectas,

1600 2231 1769 2260 Caesarea·
1791 2234 1867 2261 stat
1887 2231 1966 2261 sede
1985 2231 2090 2273 fori:
2116 2233 2179 2262 vix·
2204 2232 2332 2263 lumine
2351 2234 2471 2276 fesso,

1597 2274 1795 2314 Explores,
1825 2278 1888 2306 etc.

1504 2320 1549 2350 Et
1580 2320 1663 2351 haec
1702 2321 1815 2359 opinio
1848 2321 1913 2351 fuit
1948 2322 2034 2353 Dan.
2069 2322 2201 2354 Heinsii
2233 2324 2267 2353 et
2298 2324 2334 2353 Ρ.
2357 2322 2536 2363 Scriverii,
2576 2331 2596 2353 a

1505 2367 1667 2397 Gevartio
1702 2367 1802 2398 etiam
1827 2369 2012 2406 approbata
2038 2370 2130 2399 Lect.
2157 2368 2273 2406 Papin.
2300 2378 2329 2399 c.
2355 2370 2414 2399 lx.
2439 2369 2480 2400 ob
2508 2367 2595 2399 hanc

1502 2412 1799 2453 inexpugnabilem
1823 2414 2009 2455 rationem,
2052 2415 2131 2453 quia
2157 2414 2280 2453 effigies
2303 2414 2379 2452 equi
2405 2423 2502 2453 quam
2527 2416 2596 2446 sta-

1503 2459 1567 2489 tuit
1610 2461 1677 2490 Jul.
1714 2462 1838 2491 Caesar
1871 2462 1950 2490 ante
1985 2459 2104 2490 aedem
2134 2459 2275 2490 Veneris
2312 2460 2502 2491 Genetricis
2535 2459 2592 2503 (de

1503 2515 1568 2543 qua
1591 2515 1630 2536 re
1666 2505 1803 2536 videndi
1838 2506 1966 2536 Plinius
1994 2507 2028 2535 et
2049 2505 2250 2547 Suetonius)
2285 2508 2359 2536 erat
2385 2507 2512 2547 efligies
2537 2509 2596 2539 sui

1502 2551 1602 2590 equi,
1648 2561 1718 2581 non
1754 2551 1933 2589 Bucephali
1966 2549 2037 2590 (qui
2062 2551 2153 2582 enim
2175 2551 2324 2592 potuitl)
2351 2562 2450 2590 quem
2473 2552 2592 2593 Lysip-

1502 2606 1563 2635 pus
1592 2597 1789 2629 Alexandro
1813 2597 1900 2628 fecit.
1949 2597 2159 2634 Gronovius,
2194 2598 2353 2628 delinitus
2382 2599 2494 2638 phrasi
2518 2604 2592 2631 tra-

1500 2644 1594 2673 deris
1618 2643 1748 2679 aus'us,
1790 2652 1887 2681 quam
1914 2652 1958 2674 ex
1983 2644 2063 2675 MS⁰
2088 2644 2287 2675 Florentino
2315 2646 2349 2674 et
2370 2645 2473 2676 Editt.
2497 2646 2590 2679 Rom.

1501 2691 1535 2718 et
1577 2691 1694 2719 Venet.
1730 2689 1944 2730 restituerat,
1988 2699 2057 2720 non
2095 2690 2232 2721 omnino
2265 2690 2449 2728 ejiciendos
2483 2694 2591 2733 putat,

1501 2734 1561 2764 sed
1593 2735 1633 2764 de
1669 2734 1905 2766 conciliatione
1944 2736 2084 2766 ulterius
2121 2736 2346 2776 cogitandum.
2381 2737 2473 2778 atqui
2507 2739 2590 2770 haec

1499 2780 1693 2812 conciliatio
1740 2790 1910 2820 nunquam
1960 2782 2115 2822 eveniet,
2178 2782 2243 2813 nisi
2296 2785 2433 2822 probari
2478 2786 2589 2824 potest

1498 2827 1654 2858 caeam-is
1714 2829 1748 2857 et
1802 2828 1989 2860 Alexandri
2039 2837 2141 2868 equos
2191 2838 2295 2860 unum
2353 2832 2386 2861 et
2444 2831 2587 2864 eundem

1498 2882 1584 2903 esse.
1611 2875 1736 2911 [Parm-
1760 2875 1793 2905 et
1820 2876 1914 2905 Rom.
1941 2877 1975 2906 et
2002 2877 2086 2906 Ven-
2104 2876 2269 2907 traderz's.
2294 2875 2378 2908 Vide
2399 2878 2496 2908 notas
2517 2885 2586 2908 me-

1497 2929 1544 2950 as.
1570 2920 1627 2949 Ex
1649 2921 1757 2958 Aoo]

1543 2966 1591 3003 [v.
1628 2965 1684 2996 91.
1711 2965 1838 2997 hiemes
1866 2976 1972 3008 opus,
2019 2965 2143 2998 omittit
2169 2964 2208 3000 τὸ
2235 2975 2321 3007 opus
2346 2968 2439 2998 Rom.
2461 2968 2495 2999 et
2517 2969 2583 2999 Ve-

1490 3013 1565 3044 net.
1596 3011 1650 3041 Ex
1672 3012 1780 3051 Ano-J

1543 3059 1591 3096 [v.
1622 3058 1677 3088 96.
1702 3060 1827 3096 iuxta,
1853 3057 1961 3088 Parm.
1982 3059 2022 3087 et
2048 3059 2132 3089 Ven.
2159 3059 2294 3088 iuncta.
2320 3057 2377 3087 Ex
2400 3059 2508 3098 Anu]

1541 3112 1573 3134 v.
1603 3105 1676 3134 100.
1724 3103 1888 3143 Apelleae
1914 3105 2076 3143 cuperent
2101 3108 2134 3134 te
2161 3104 2315 3134 scribere
2338 3112 2453 3143 cerae,

1587 3150 1808 3189 Optassetque
1833 3159 1940 3189 novo,
1966 3151 2046 3188 etc-J
2093 3149 2199 3179 Nemo
2226 3147 2396 3189 corrigat,
2422 3150 2578 3188 Optaret-

1496 3202 1559 3232 que
1581 3205 1689 3236 novo,
1723 3198 1761 3227 ut
1781 3195 1985 3234 respondeat
2005 3191 2054 3236 τῷ
2082 3199 2268 3237 cuperent,
2302 3196 2579 3234 quemadmodum

1490 3239 1533 3271 in
1561 3242 1730 3274 consolat.
1753 3241 1796 3273 ad
1824 3242 1944 3272 Ursum
1969 3248 1999 3271 v.
2025 3240 2080 3271 24.

2850 1173 2858 1179 v
2855 420 2862 424 i
2860 406 2861 409 Α
2860 361 2861 364 Α
2840 343 2843 345 ι
2849 295 2861 325 ..ἑ-
2838 235 2861 280 *ut-³1)
2839 176 2859 223 ‘df
2842 154 2851 161 „⁴
2854 130 2855 134 „
2833 86 2847 118 '⁴⁴2¹

2873 1206 2892 1314 'nun-,zm-
2878 854 2892 1197 .ffl—ffl.>·fflmm...mfflffl
2872 599 2892 846 umffumjamaffl
2872 571 2886 577 ἶ
2882 551 2885 557 ’
2890 525 2891 528 Α
2875 495 2885 508 ‘¹'
2870 434 2882 450 '¹
2884 401 2888 407 .
2880 382 2882 388 ⁷
2874 359 2882 372 “”
2871 286 2882 339 ”“””
2874 265 2881 277 “’
2873 233 2883 256 “”’“’
2881 200 2883 203 “
