2892 3840
377 425 474 477 186

379 553 478 585 nibus
503 551 696 593 Gryphiana
731 552 766 581 et
790 548 911 581 Aldina
931 546 965 576 et
988 543 1139 576 Colinaei
1165 544 1199 574 et
1220 545 1290 575 MS.
1317 539 1463 575 senen-i

382 600 618 632 confirmatur:
662 597 744 628 licet
778 593 969 626 Gronovius
1000 593 1121 629 postea
1145 591 1291 619 mentem
1315 591 1462 620 mutasse

381 646 557 683 videatur3
579 644 712 684 quando
735 641 867 680 quidem
891 640 1031 669 observ.
1052 638 1096 672 11,
1126 637 1178 667 14.
1205 635 1330 666 retinet
1350 636 1462 675 Ipsa,-

384 694 418 723 et
465 691 620 730 mollius,
658 688 786 727 inquit,
819 681 1049 722 intellexeris,
1090 682 1246 721 videtur,
1282 682 1341 711 aut
1369 681 1467 712 credi

379 714 509 780 po’test.
563 736 657 767 Prius
694 740 811 764 verum
834 731 905 767 est3
959 727 1045 758 Visa
1067 729 1257 768 scripsisse
1283 736 1353 758 non
1378 727 1464 767 Ipsa

386 785 601 825 scripsisse;
633 789 729 819 quam
757 773 1047 807 Constructionem
1072 783 1133 804 seu
1158 773 1301 812 Ellipsin
1327 773 1361 803 in
1387 773 1466 803 sim-

387 830 466 870 plici
498 826 693 859 narratione
717 823 777 854 vix
803 821 1040 853 admittendam
1064 822 1156 859 puto.
1205 821 1328 851 Noster
1358 819 1461 850 Theb.

475 875 551 906 379.

388 877 449 917 IX,
478 919 601 950 Mitior
625 916 718 945 unda
740 915 873 954 maris,
900 921 988 953 quae
1003 910 1118 950 juxta
1133 908 1286 950 flumina
1312 918 1438 949 corpus

478 954 643 998 Ret'culit,
668 965 704 991 et
725 962 885 991 miseram
910 958 983 989 visa
1007 959 1207 997 expectasse
1228 962 1426 996 parentem.

385 1006 417 1042 x
461 1012 539 1042 211.

427 1033 437 1052 '
602 1051 713 1087 dixit,
739 1060 855 1092 meque
874 1050 963 1081 haec
989 1051 1037 1080 ml
1058 1049 1181 1078 limina
1205 1046 1298 1078 visus

480 1098 626 1138 Cuspide
649 1098 790 1128 sublata
814 1102 949 1138 totoque
974 1095 1147 1135 impellere
1178 1103 1299 1125 curru.

385 1145 544 1186 Virgilius
569 1145 652 1174 Aen.
678 1145 729 1184 11,
753 1145 832 1175 270.

475 1192 519 1222 In
547 1191 697 1228 somnis,
721 1200 820 1231 ecce,
844 1195 928 1221 ante
951 1187 1072 1223 oculos
1095 1187 1349 1217 maestissimus
1378 1183 1473 1215 Hee-

605 1240 662 1266 tor

481 1281 580 1314 Visus
607 1282 724 1312 adesse
746 1280 838 1312 mihi.

389 1329 435 1360 Et
458 1331 541 1370 VII,
567 1329 623 1361 73.

478 1375 559 1406 Visa
584 1375 722 1416 (nefas)
750 1373 859 1413 longis
884 1371 1126 1410 comprendere
1152 1373 1306 1403 crinibus
1330 1373 1451 1412 ignem.

392 1420 521 1458 Quibus
548 1421 700 1451 omnibus
731 1419 764 1449 in
790 1418 874 1448 locis
901 1420 1040 1448 verbum
1065 1419 1310 1449 substantivum
1334 1423 1391 1448 est
1417 1417 1474 1448 vel

394 1473 475 1499 erat
498 1467 752 1506 intelligendum
779 1466 848 1504 est,
891 1466 928 1494 ut
956 1464 990 1494 in
1009 1464 1072 1495 hoc
1099 1466 1186 1497 loco.
1233 1466 1304 1495 Hoc
1329 1473 1398 1494 non
1424 1462 1475 1493 vi-

393 1513 443 1544 dit
476 1513 623 1551 quisquis
656 1513 785 1551 primus
806 1510 984 1548 supposuit
1010 1511 1097 1550 Ipsa
1122 1520 1183 1548 pro
1215 1510 1310 1541 Visa.
1359 1508 1476 1540 Domi-

394 1559 482 1600 tius,
508 1560 602 1598 cujus
625 1558 737 1589 Editio
762 1557 909 1595 praefert
933 1558 1030 1596 Ipsa,
1054 1556 1239 1586 mutilatum
1268 1557 1375 1587 locum
1403 1564 1476 1586 cre-

395 1605 501 1636 didit:
545 1615 616 1637 nou
649 1605 696 1635 ita
719 1603 925 1639 crediturus,
969 1602 998 1632 si
1021 1603 1071 1633 illi
1096 1602 1131 1632 in
1155 1605 1298 1633 mentem
1327 1601 1477 1632 venisset

399 1652 496 1683 Visa.

444 1699 493 1736 [v.
521 1699 575 1729 16.
613 1694 700 1726 Arte
726 1703 849 1725 manus
876 1700 1053 1724 coxcESSA
1078 1694 1174 1724 loe-Is.
1199 1693 1359 1732 Suspicor
1391 1693 1478 1723 hanc

394 1753 513 1775 vocem
539 1741 653 1773 deberi
677 1740 844 1771 Domitio:
872 1742 956 1770 Ven.
981 1740 1071 1769 enim
1098 1740 1217 1780 habet,
1243 1739 1328 1770 Arte
1351 1748 1476 1769 manus

398 1796 592 1825 ARTEMQUE
631 1789 744 1818 Iocis:
784 1788 892 1816 Parm.
921 1786 1006 1816 Arte
1039 1795 1164 1816 manus
1196 1793 1353 1821 ANTIQUA
1380 1786 1477 1816 locis.

397 1838 470 1868 Nec
498 1835 629 1874 quidem
656 1836 723 1863 tam
758 1834 851 1862 recte
878 1832 943 1862 dici
969 1833 1079 1870 potest
1095 1833 1220 1874 forma
1242 1839 1394 1862 coxct-:m
1416 1832 1479 1862 ali-

401 1884 459 1913 cui
480 1882 554 1912 Ioco
580 1889 644 1919 per
667 1884 779 1909 artem
806 1888 941 1909 manus.
970 1877 1085 1916 potius
1115 1879 1223 1913 esset,
1256 1879 1396 1915 addita,
1420 1879 1478 1908 im-

396 1928 531 1969 posita.
555 1927 622 1956 tale
646 1924 772 1963 aliquid
796 1925 904 1955 latere
928 1924 1072 1954 videtur.
1096 1924 1153 1954 Ex
1178 1925 1286 1963 Ana]

444 1982 477 2003 v.
519 1974 576 2003 20.
634 1971 715 2011 Ipse
749 1969 861 2001 Am'en
896 1972 1078 2009 (miranda
1102 1968 1230 2008 fides)]
1267 1971 1331 2000 Pro
1365 1968 1478 1999 Anien

399 2018 568 2051 Domitius
608 2016 644 2047 in
685 2016 838 2048 omnibus
884 2016 952 2046 suis
987 2015 1158 2047 codicibus
1190 2015 1320 2046 invenit
1353 2021 1480 2048 autem.

401 2066 446 2096 Et
481 2067 567 2095 bene
601 2063 733 2102 quidem
760 2062 961 2093 emendavit.
984 2063 1043 2093 sed
1073 2062 1164 2093 aliud
1188 2062 1338 2102 suggerit
1367 2061 1479 2092 Editio

403 2109 615 2150 Parmensis,
642 2118 727 2148 quae
751 2109 850 2147 plane
874 2109 974 2140 habet
1000 2109 1082 2148 Ipse
1106 2111 1230 2139 amm's.
1275 2110 1325 2139 Ne
1350 2109 1480 2139 dubites

406 2158 487 2196 quin
520 2157 583 2187 hoc
614 2155 718 2194 ipsius
752 2155 851 2186 Statii
884 2155 938 2186 sit.
983 2154 1103 2186 Amnis
1128 2154 1182 2185 hic
1203 2155 1255 2184 est
1280 2155 1367 2186 idem
1394 2155 1483 2193 quod

405 2205 503 2235 Deus
518 2202 635 2244 fluvii.
664 2201 823 2232 Thebaid.
851 2201 911 2241 IX,
938 2202 1019 2232 469.

588 2252 662 2278 stat
677 2257 799 2287 pugna
822 2249 936 2287 impar
958 2245 1139 2285 Amnisque
1163 2247 1309 2286 virique,

498 2294 705 2334 Indoe'gnante
729 2295 800 2324 deo.

405 2343 497 2373 Infra
518 2340 580 2370 hac
605 2340 720 2378 Eclog.
744 2349 776 2370 v.
800 2339 857 2370 45.

499 2387 631 2425 Quique
657 2386 871 2427 vaporvferis
890 2383 1039 2423 junctus
1057 2387 1271 2428 fornacibus
1292 2386 1408 2418 Amnis

497 2432 595 2462 Ridet
614 2432 819 2463 anhelantes
842 2433 956 2463 vicino
970 2431 1120 2472 flumine
1140 2433 1332 2473 Nymphas.

407 2478 544 2510 Ovidius
567 2480 681 2509 Amor.
707 2480 767 2519 111,
793 2479 825 2507 6.

500 2525 730 2564 Supposuisse
755 2532 879 2555 manus
904 2525 953 2554 ad
970 2530 1118 2564 pectora
1143 2525 1299 2555 lubricus
1322 2523 1438 2555 Amnis

542 2571 712 2611 Dicitur,
737 2577 770 2602 el
795 2571 884 2601 socii
899 2569 988 2608 jura
1012 2572 1147 2602 dedisse
1170 2573 1250 2602 tori.

410 2615 535 2647 Passim
568 2618 724 2655 exemp'a
753 2615 917 2646 invenies.
973 2618 1012 2646 Iu
1036 2619 1238 2648 Contextum
1263 2615 1374 2654 itaque
1398 2614 1488 2646 reci-

409 2661 522 2700 piatur
547 2662 688 2693 Amnae‘s:
717 2663 750 2692 et
774 2662 821 2693 ita
847 2671 928 2691 sane
948 2662 1122 2703 fecissem,
1155 2663 1221 2692 nisi
1248 2662 1335 2701 typis
1360 2670 1487 2692 excusa

409 2708 530 2738 fuisset
562 2707 625 2738 ista
659 2707 781 2739 scheda
812 2710 991 2746 antequam
1023 2708 1058 2738 in
1096 2717 1216 2739 manus
1239 2716 1331 2737 meas
1354 2707 1488 2737 veniret

412 2754 524 2784 Editio
548 2753 756 2784 Parmensis:
781 2763 877 2791 quam
900 2756 957 2783 aut
979 2763 1049 2784 non
1072 2755 1204 2785 viderat
1228 2753 1405 2789 Domitius,
1430 2755 1487 2783 aut

413 2799 653 2840 dissimulavit,
704 2800 742 2830 ut
781 2799 976 2839 ingeniosae
1007 2809 1089 2830 suae
1127 2801 1342 2839 conjecturae
1377 2801 1489 2830 locum

413 2846 550 2878 faceret.
597 2846 682 2877 Vide
703 2847 813 2876 autem
836 2847 941 2876 totum
965 2847 1097 2887 locum,
1132 2850 1167 2878 et
1191 2846 1326 2877 attende
1352 2846 1488 2878 sensui:

504 2892 617 2934 yIpse
640 2892 755 2923 Anien
779 2893 959 2931 (miranda
969 2891 1079 2935 fides)
1103 2894 1272 2935 infraque
1295 2902 1464 2933 superque

503 2940 656 2976 Saxeus,
679 2938 737 2969 hic
756 2940 919 2969 tumidam
944 2939 1076 2970 rabiem
1102 2948 1335 2980 spumosaque
1351 2940 1455 2979 ponit

506 2985 711 3015 Nlurmura:

417 3028 528 3060 Anien
558 3030 712 3070 infraque
737 3039 903 3070 superque
926 3029 1079 3070 saxeus,
1103 3029 1167 3070 hic,
1193 3030 1235 3061 ad
1252 3029 1374 3061 Villam
1394 3031 1493 3061 Man-

418 3073 475 3113 lii,
499 3085 566 3106 non
592 3080 643 3107 est
669 3077 808 3108 Saxeus
837 3077 895 3107 sed
919 3078 1065 3117 quietus.
1113 3075 1222 3117 Quid,
1255 3086 1399 3116 quaeso,
1440 3077 1494 3108 est

424 3117 562 3151 Saxeus
591 3123 736 3153 fluvius?
763 3125 819 3154 aut
846 3132 1009 3162 quaenam
1036 3123 1204 3162 oppositio
1227 3123 1316 3154 inter
1344 3131 1492 3155 saxeum

422 3165 457 3194 et
475 3168 686 3198 taciturnum
709 3170 862 3199 amnem?
897 3170 1076 3209 lapidosas
1103 3169 1235 3208 quidem
1256 3169 1405 3201 Aesaris
1432 3179 1493 3200 un·

421 3209 486 3241 das
518 3211 619 3242 habes
654 3215 741 3252 apud
774 3215 928 3246 Ovidium
955 3216 1037 3245 Met.
1064 3215 1143 3255 XV,
1167 3218 1223 3246 22.
1251 3217 1285 3246 et
1308 3217 1490 3255 lapidosus

422 3254 517 3287 rivus
545 3257 675 3289 Fastor.
706 3260 774 3299 ΠΙ,
812 3262 892 3293 273.
923 3261 986 3291 huc
1021 3262 1072 3291 est
1099 3261 1239 3292 calcuiis
1258 3263 1292 3293 et
1320 3262 1491 3302 lapidibus

1195 418 1382 468 NOTAE
1411 429 1480 465 Ao
1513 417 1619 465 Lm.
1653 417 1689 465 Ι.
1724 421 1755 465 3

2504 439 2611 489 93⁷

1527 542 1760 576 abundantes:
1802 541 1845 574 ad
1879 552 1979 582 quam
2013 544 2153 577 formam
2189 546 2319 580 Statius
2342 546 2469 579 dixisse
2498 548 2614 579 debuit

1529 589 1638 622 Anien
1686 589 1869 629 Saros-us,
1921 592 1959 620 ut
1999 590 2190 630 Euphrates
2221 602 2374 626 saxosus
2412 594 2497 627 Plin.
2533 596 2610 626 Nat.

1527 636 1614 667 Hist.
1638 636 1687 677 V,
1715 635 1772 668 24.
1819 635 1952 667 Athesis
1985 639 2092 673 saxis
2118 647 2227 676 asper
2249 640 2383 671 Incerto
2407 639 2525 672 Autori
2545 642 2610 671 Pa-

1529 690 1646 722 negyr.
1678 681 1756 712 dict.
1792 681 2014 714 Constantino
2052 692 2080 716 c.
2105 685 2137 714 8.
2171 685 2303 723 p.159.
2333 684 2472 717 Ovidius
2494 688 2610 718 Amor.

1532 730 1592 770 111,
1616 729 1649 758 6.
1672 728 1713 758 de
1739 727 1891 759 Aniene:

1623 773 1697 804 Nec
1721 777 1755 804 te
1775 779 1959 813 praetereo
1988 776 2050 815 qui
2069 782 2138 812 per
2160 784 2253 805 cara
2279 782 2363 806 saxa
2385 776 2520 808 volutus

1673 820 1810 851 Tiburis
1838 819 1946 860 Argei
1968 821 2149 862 pomifera
2177 830 2268 851 arva
2296 823 2410 861 rigas,

1531 866 1570 895 ut
1601 865 1687 896 bene
1721 866 1912 897 emendavit
1942 867 2113 896 Bentleius
2138 875 2198 905 pro
2222 868 2386 909 pomifer.
2414 865 2506 899 ,Μὴ
2530 875 2613 898 vero

1532 919 1588 941 res
1623 915 1675 943 est
1701 911 1855 953 Saxeus,
1883 921 2003 952 nempe
2032 922 2050 943 e
2073 915 2179 944 saxis
2196 914 2326 956 factus
2353 913 2408 944 vel
2433 916 2615 944 constans.

1534 958 1587 988 Ita
1610 957 1710 989 Theb.
1742 959 1815 995 vn,
1838 959 1919 990 408.

1703 1013 1795 1035 nunc
1820 1006 2056 1046 sangut'neus,
2079 1014 2172 1035 nunc
2193 1011 2316 1034 saxeus
2341 1003 2464 1036 imber:

1535 1049 1571 1078 et
1603 1047 1650 1079 ita
1682 1049 1806 1089 passim
1842 1051 1930 1089 apud
1963 1052 2124 1082 Nostrum
2161 1052 2195 1080 et
2226 1048 2332 1090 alios,
2374 1059 2485 1089 neque
2518 1047 2620 1081 aliter

1541 1093 1725 1133 quisquam.
1781 1096 1977 1127 Bernartius
2011 1097 2054 1127 ad
2083 1096 2320 1135 explicandum
2357 1105 2505 1128 saxeum
2529 1095 2620 1127 hune

1540 1140 1703 1172 Anienem
1725 1143 1862 1174 adducit
1892 1144 2005 1174 locum
2027 1143 2183 1175 Suetonii
2208 1143 2325 1175 Claud.
2350 1151 2378 1174 c.
2403 1143 2481 1174 XX.
2505 1142 2621 1173 simu!-

1542 1196 1605 1226 que
1638 1191 1753 1219 rivum
1787 1189 1939 1220 Anienis
1972 1199 2058 1220 novo
2091 1190 2130 1230 (l.
2163 1191 2258 1225 novi)
2296 1189 2429 1228 lapideo
2452 1198 2558 1228 opere
2582 1189 2620 1219 ἰπ

1545 1231 1669 1264 Urbem
1689 1236 1857 1273 perduxit
1866 1257 1878 1272 ‚
1920 1236 2104 1276 divisitque
2126 1238 2162 1267 in
2182 1236 2351 1274 plurimos
2379 1242 2415 1267 et
2436 1235 2622 1267 ornatissi-

1541 1287 1612 1309 mos
1639 1281 1750 1311 lacus.
1798 1281 1866 1313 sed
1895 1282 1989 1312 nullo
2021 1282 2121 1312 modo
2147 1281 2270 1312 nodum
2303 1282 2404 1313 solvit
2425 1281 2477 1313 hic
2503 1281 2620 1313 locus:

1541 1325 1622 1355 licet
1644 1326 1733 1357 enim
1769 1326 1928 1358 Claudius
1953 1328 2117 1358 Anienem
2142 1327 2177 1357 in
2201 1329 2322 1358 Urbem
2349 1326 2548 1367 perduxerit
2571 1327 2622 1358 la-

1537 1372 1642 1411 pideo
1675 1382 1798 1414 opere,
1845 1383 1915 1404 non
1949 1375 2063 1404 tamen
2095 1383 2136 1403 ea
2160 1373 2201 1403 de
2227 1382 2330 1404 causa
2354 1376 2445 1406 recte
2468 1373 2536 1404 dici
2557 1382 2622 1412 po-

1543 1421 1611 1449 test
1638 1418 1777 1450 Saxeus
1802 1419 1912 1456 Anio;
1956 1429 2053 1461 cum,
2098 1421 2135 1450 ut
2159 1428 2261 1458 supra
2286 1420 2377 1461 dixi,
2422 1419 2522 1451 aliam
2548 1427 2623 1450 rem

1544 1464 1683 1496 denotet
1711 1474 1778 1497 vox
1805 1466 1966 1497 Saxeus:
2002 1467 2036 1496 et
2058 1464 2086 1495 si
2112 1468 2205 1497 recte
2232 1466 2298 1497 dici
2325 1468 2440 1506 posset
2469 1465 2623 1505 Saxeus,

1544 1511 1676 1542 deesset
1711 1513 1824 1542 tamen
1857 1512 1982 1550 aliquid
2017 1512 2108 1550 quod
2140 1516 2370 1551 opponeretur
2397 1516 2471 1551 τοῖς
2493 1511 2550 1543 bs'c
2574 1515 2625 1543 tu·

1544 1558 1672 1588 midam
1700 1559 1829 1588 rabiem
1863 1567 2092 1598 spumosaque
2115 1560 2218 1597 ponit
2242 1559 2446 1590 Murmura:
2496 1556 2624 1588 dixisse

1546 1603 1636 1634 enim
1665 1603 1798 1644 debuit,
1837 1604 1946 1635 Anien
1969 1605 2057 1635 infra
2081 1613 2248 1643 supraque
2272 1611 2452 1637 Terminus
2477 1605 2533 1635 vel
2558 1611 2628 1634 ‘ru-

1546 1657 1656 1680 ffinus
1681 1650 1736 1680 vel
1753 1657 1934 1681 rassccrs
1947 1672 1956 1690 ,
1986 1651 2055 1692 (vel
2073 1651 2152 1689 quid
2170 1651 2355 1690 ejusmodi;
2381 1660 2448 1682 non
2466 1648 2624 1689 Ssxzus)

1546 1695 1599 1726 hic
1633 1698 1772 1737 quietus
1803 1698 1864 1726 est.
1925 1698 1998 1728 Hoc
2033 1697 2132 1728 modo
2168 1698 2328 1736 scriptum
2361 1706 2436 1729 esse
2460 1696 2624 1736 oportuit.

1548 1742 1613 1774 Sed
1642 1751 1760 1772 vocem
1788 1742 1974 1774 Statianam
1999 1742 2073 1773 aliis
2099 1742 2321 1782 indagandam
2345 1744 2523 1782 relinquo:
2546 1741 2627 1773 mihi

1546 1788 1635 1818 enim
1661 1788 1773 1819 omnia
1799 1789 1949 1819 versanti
1974 1789 2057 1819 nihil
2079 1789 2227 1821 occurrit
2246 1790 2336 1829 quod
2357 1789 2513 1822 terunt-io
2535 1798 2627 1820 eme-

1546 1834 1622 1865 rim.
1674 1835 1845 1865 Turbidus
1867 1835 1999 1873 quidem
2029 1835 2154 1873 optime
2183 1840 2407 1877 congrum-eu
2449 1837 2513 1868 hoc
2537 1836 2628 1867 euim

1547 1880 1719 1918 epitheton
1762 1880 1871 1911 fluviis
1902 1890 2006 1920 saepe
2038 1881 2206 1913 tribuitur.
2262 1883 2350 1923 Sed,
2393 1884 2630 1923 praeterquam

1547 1927 1638 1965 quod
1669 1926 1821 1965 sequitur
1856 1929 2002 1958 turbare
2035 1936 2138 1958 versu
2173 1929 2349 1968 proximo,
2392 1928 2545 1960 immanis
2578 1929 2630 1959 est

1544 1972 1708 2013 mutatio,
1734 1975 1767 2003 et
1797 1972 1854 2003 vix
1879 1973 1991 2005 animo
2017 1973 2258 2015 concipienda,
2296 1975 2420 2006 nedum
2444 1984 2528 2006 sano
2557 1974 2633 2006 Cri-

1546 2019 1615 2050 tico
1643 2019 1860 2050 admittenda.
1909 2020 2001 2051 Idem
2026 2030 2149 2052 censeo
2175 2021 2215 2052 de
2242 2021 2420 2061 Praeceps
2436 2025 2470 2052 et
2489 2021 2631 2054 Audaae.

1549 2066 1761 2103 expectanda
1786 2065 1887 2105 igitur
1916 2066 1984 2097 alia
2008 2067 2226 2106 exemplaria.
2275 2067 2441 2099 Domitius
2464 2066 2634 2108 interpre-

1549 2114 1661 2154 tatur,
1706 2114 1863 2144 saxeus:
1908 2113 2028 2144 labens
2055 2114 2208 2154 alioquin
2227 2124 2294 2153 per
2323 2124 2441 2155 sara,
2485 2121 2520 2147 ee
2542 2121 2632 2147 sere-

1548 2167 1649 2198 pens.
1697 2159 1856 2190 Concedo
1891 2158 1979 2190 hunc
2011 2168 2146 2190 sensum
2181 2169 2255 2192 csse
2282 2161 2425 2195 debere:
2475 2161 2536 2192 sed
2558 2160 2633 2200 quis

1552 2204 1634 2235 mihi
1667 2205 1824 2243 probabit
1855 2206 1911 2235 vel
1935 2215 2003 2238 uno
2030 2207 2187 2245 exemplo
2211 2207 2297 2238 hanc
2322 2216 2396 2238 esse
2417 2206 2636 2247 significatio-

1552 2260 1630 2281 nem
1662 2250 1756 2281 vocis
1797 2251 1964 2283 Saxeus?
2006 2253 2058 2283 De
2085 2255 2255 2284 cataracta
2278 2253 2419 2285 Anienis
2445 2255 2487 2286 ad
2516 2255 2634 2286 urbem

1553 2297 1658 2327 Tibur
1695 2297 1772 2328 vide
1809 2299 2010 2329 Strabonem
2034 2301 2073 2330 V.
2101 2309 2133 2338 p.
2166 2301 2241 2332 164.
2265 2300 2324 2331 sed
2348 2300 2430 2331 nihil
2454 2300 2532 2331 inde
2554 2299 2632 2330 huic

1551 2345 1629 2375 loco
1659 2343 1869 2376 restituendo
1905 2345 2020 2385 colligi
2049 2354 2148 2385 posse
2177 2347 2269 2386 puto.
2314 2346 2426 2378 Alicui
2449 2346 2535 2378 forte
2561 2355 2633 2378 nou

1552 2389 1752 2431 displicebit,

1643 2436 1726 2476 Ipse
1748 2435 1860 2466 Anien
1885 2437 2064 2474 (miranda
2081 2434 2193 2475 fides)
2218 2437 2387 2479 infraque
2409 2446 2580 2479 superque

1642 2482 1711 2512 Vix
1737 2491 1840 2522 suus,
1863 2482 1921 2513 laic
1947 2483 2113 2512 tumidam
2135 2483 2265 2513 rabiem
2292 2485 2356 2513 etc.

1553 2528 1592 2558 Id
1626 2530 1695 2568 est,
1715 2530 1847 2571 furens
1874 2529 1908 2558 et
1933 2527 1991 2558 vix
2015 2530 2074 2572 sui
2100 2537 2260 2568 compos:
2304 2529 2398 2568 cujus
2419 2529 2635 2569 significatio-

1553 2573 1607 2604 nis
1635 2573 1726 2605 vocis
1751 2583 1835 2605 suus
1861 2574 1964 2604 multa
1989 2575 2146 2612 exempla
2168 2573 2288 2604 adduci
2314 2578 2471 2614 possent:
2518 2578 2552 2608 et
2577 2578 2636 2608 be-

1554 2629 1599 2650 ne
1623 2622 1852 2659 opponeretur
1873 2619 2101 2660 sequentibus,
2124 2622 2289 2651 tumidam
2309 2623 2441 2653 rabiem
2457 2623 2522 2653 etc.
2568 2622 2637 2656 Sed

1555 2665 1623 2696 alia
1653 2666 1791 2696 notione
1823 2665 1966 2696 sumitur
2001 2674 2069 2696 vox
2097 2675 2182 2697 suus
2208 2667 2341 2706 quando
2369 2668 2410 2698 de
2426 2667 2541 2709 fluvio
2564 2678 2638 2702 ser-

1553 2721 1608 2742 mo
1635 2714 1707 2752 est,
1735 2714 1770 2742 ut
1793 2711 1985 2750 perspicere
2010 2714 2105 2751 potes
2134 2713 2197 2744 hoc
2222 2714 2297 2744 loco
2316 2714 2493 2747 Claudiani
2511 2715 2549 2748 ίιι
2567 2716 2638 2748 Eu-

1554 2760 1640 2796 trop.
1663 2760 1708 2799 11,
1734 2760 1812 2790 266.
1840 2758 1880 2789 de
1902 2760 2038 2798 Marsya
2064 2761 2097 2789 et
2122 2760 2308 2790 Maeandro
2335 2760 2465 2794 fluviis:

1997 2806 2059 2836 sed
2084 2805 2234 2846 Marsya
2259 2807 2363 2838 velox

1646 2849 1741 2880 Dum
1775 2855 1862 2879 suus
1890 2855 1967 2891 est,
1999 2850 2171 2893 flexuque
2200 2862 2352 2888 carens.-

1779 2897 1902 2926 mistus

1649 2939 1826 2978 Mollz‘tur‚
1855 2941 2066 2980 Maeandre,
2088 2948 2158 2974 tuo.

1558 2987 1673 3025 Pomp.
1710 2988 1801 3018 Mela
1827 2987 1867 3018 de
1891 2987 1989 3026 Nilo:
2037 2999 2113 3020 cum
2139 2990 2200 3021 diu
2226 2987 2375 3028 simple-r
2407 2997 2552 3029 suusque
2582 2989 2639 3021 de-

1561 3034 1705 3064 scendit.
1742 3033 1788 3065 ita
1823 3034 1948 3073 optime
1982 3035 2130 3066 restituit
2151 3037 2193 3067 N.
2229 3034 2388 3065 Heinsius
2411 3044 2473 3074 pro
2497 3044 2638 3068 saevus.

1562 3081 1643 3118 [Pro
1665 3079 1776 3111 Am‘cn
1798 3081 1881 3112 Ven.
1899 3086 2034 3112 autem.-
2060 3083 2170 3113 Parm.
2196 3080 2328 3114 Amm‘s.
2350 3080 2472 3112 Verius
2497 3080 2564 3113 iam
2590 3083 2641 3114 vl-

1561 3126 1659 3157 detur
1683 3126 1808 3158 Anfen.
1832 3127 1886 3158 Ex
1910 3130 2022 3167 Ana]
2048 3130 2158 3167 Supra
2180 3135 2212 3157 v.
2239 3128 2292 3158 16.
2323 3135 2385 3164 pro
2402 3126 2489 3160 Arte
2511 3138 2639 3162 manus

1560 3180 1737 3203 coscssss
1763 3173 1847 3204 Iocis
1871 3174 1961 3204 Edit.
1988 3175 2096 3205 Parm.
2122 3173 2222 3203 habet
2245 3178 2403 3208 surmus
2429 3173 2528 3207 locis.
2549 3175 2640 3215 quod

1561 3219 1642 3259 quid
1665 3218 1728 3250 sibi
1757 3218 1842 3250 velit
1866 3218 2004 3258 nesci03
2025 3221 2076 3258 [v.
2098 3227 2211 3258 supra.
2238 3217 2308 3249 Eo.
2332 3219 2418 3258 mm]

1607 3274 1639 3295 v.
1666 3265 1724 3297 24.
1768 3264 1972 3306 Pieriosque
1990 3267 2063 3298 dies
2089 3269 2123 3296 ee
2145 3266 2286 3296 aventes
2305 3266 2465 3298 carmina
2486 3267 2640 3309 somnos]

2395 2852 2474 2893 jam
2488 2851 2638 2899 flumem
