2892 3840
365 385 467 433 210

373 509 507 550 exiguis
532 511 607 543 laus
631 513 701 555 sit,
745 513 882 545 ea'tbta
907 513 1096 544 Thomsono
1118 512 1300 542 referatur.
1327 511 1458 542 ebriam

376 564 459 588 vero
482 559 616 589 noctem
644 562 682 590 ut
706 560 793 598 apud
818 558 965 591 Martial.
993 555 1110 595 Epigr.
1138 557 1183 598 X,
1204 558 1260 588 87.

459 603 658 645 Pugnorum
682 615 762 636 reus
789 605 968 642 ebriaeque
992 601 1102 633 noctis

461 651 650 683 Cenatoria
672 654 795 682 mittat
814 651 993 681 advocato.

374 693 410 723 et
429 693 485 727 47.
511 697 659 735 ejusdem
685 696 774 737 libri,

462 742 541 773 Nox
564 753 633 774 non
654 742 768 781 ebria,
791 739 852 771 sed
875 739 992 770 soluta
1015 738 1123 770 cartu.

378 795 522 829 Noctem
557 798 591 829 in
618 798 786 830 contextu
819 794 976 826 editionis
1010 794 1157 826 Thomae
1180 793 1340 832 Stephani
1364 803 1464 833 repe-

380 841 443 873 rio.
493 845 582 883 Lege
605 846 716 875 tamen
741 842 865 881 eruditi
886 840 1050 872 Gronovii
1080 841 1189 871 Diatr.
1211 850 1241 871 c.
1259 841 1353 871 XIII.
1374 841 1464 879 quod

378 887 419 918 de
452 887 513 921 hac
550 899 588 920 re
621 891 724 920 totum
759 891 818 919 est.
866 887 920 918 Illi
943 888 1056 927 placet
1082 886 1275 925 ebriamque
1298 892 1463 925 partem:

379 936 413 964 et
443 934 490 965 ita
521 934 603 974 legit
633 935 738 974 Reliq.
778 934 820 965 ad
854 934 939 965 Stat.
967 933 1088 965 Silvas.
1144 934 1223 964 Non
1249 942 1302 962 me
1326 934 1463 971 movet3

379 982 413 1010 et
445 980 551 1011 adhuc
587 980 685 1012 edico
712 989 830 1011 verum
855 989 942 1017 esse,
971 978 1164 1017 ebriamque
1189 984 1332 1010 noctem.
1379 980 1463 1010 Par-

376 1034 479 1057 mens.
506 1025 605 1057 habet
622 1037 795 1067 parcam,
818 1027 913 1058 Rom.
938 1027 1082 1064 pando.-
1113 1025 1225 1066 quod,
1242 1025 1384 1064 opinor,
1411 1027 1464 1056 est

374 1070 532 1113 Domitii,
572 1072 629 1111 qui
658 1073 718 1104 has
742 1072 853 1105 Silvas
888 1071 957 1103 suis
980 1071 1185 1103 lectionibus
1209 1071 1332 1110 passim
1354 1071 1462 1103 inter-

370 1116 510 1155 polavit.

416 1182 448 1203 v.
488 1176 542 1205 10.
608 1174 692 1206 Jam
731 1172 872 1206 bellaria
907 1173 1034 1205 adorea
1061 1174 1248 1214 pluebant]
1299 1176 1338 1204 In
1374 1175 1460 1206 MSO

373 1218 523 1251 Florent.
551 1223 624 1252 erat
648 1222 787 1253 velaria
802 1221 931 1261 Borea,
955 1220 991 1250 in
1017 1219 1159 1252 Senensi
1183 1220 1322 1251 velaria
1345 1220 1464 1257 linea‚·

374 1274 472 1302 quam
497 1267 695 1305 scripturam
720 1267 889 1298 saniorem
919 1267 1015 1306 putat
1048 1266 1232 1298 Salmasius
1263 1266 1373 1305 Epist.
1407 1269 1463 1297 88.

375 1314 409 1341 et
434 1312 677 1351 interpretatur
693 1315 819 1356 funem
853 1322 871 1343 e
910 1323 974 1352 quo
1006 1312 1095 1343 forte
1124 1313 1202 1343 vela
1235 1321 1294 1342 seu
1334 1311 1464 1343 velaria

374 1359 577 1400 pendebant,
605 1370 690 1399 quae
719 1361 872 1399 tegerent
897 1362 931 1389 et
958 1369 978 1390 a
1006 1357 1120 1397 populi
1143 1361 1281 1397 aspectu
1307 1360 1465 1390 arcerent

376 1412 435 1435 eos
465 1404 522 1443 qui
546 1405 582 1436 in
607 1407 765 1446 populum
790 1405 930 1436 missilia
956 1406 1180 1445 spargebant3
1207 1407 1245 1435 ut
1263 1407 1296 1434 et
1317 1413 1373 1435 res
1392 1405 1464 1443 ipsa

375 1459 460 1488 quae
482 1454 742 1491 spargebantur:
767 1452 846 1482 hinc
866 1453 1008 1483 divitem
1025 1451 1111 1481 hanc
1128 1452 1256 1482 lineam
1276 1451 1464 1490 appellasse

375 1495 567 1527 Martialem
593 1498 762 1538 Epigram·
786 1498 885 1539 VIII,
912 1500 968 1529 78.
1013 1498 1111 1529 Hunc
1146 1497 1249 1537 igitur
1274 1497 1386 1528 locum
1415 1497 1464 1528 sic

378 1541 566 1573 constituit:

474 1587 545 1619 Vix
568 1597 703 1619 aurora
723 1597 829 1619 novos
859 1589 1020 1620 movebat
1041 1593 1141 1620 ortus

472 1634 556 1666 Jam
583 1634 714 1666 velaria
731 1635 863 1672 lineae;
888 1637 922 1665 et
945 1636 1081 1674 pluebat

471 1681 595 1719 (Hunc
618 1690 731 1712 rorem
755 1682 895 1712 veniens
914 1682 1078 1724 profudit
1100 1678 1239 1714 EltruS)

472 1728 647 1767 Quicquid
666 1728 776 1758 nobile
798 1727 953 1758 Ponticis
980 1728 1111 1758 nucetis
1136 1728 1201 1756 etc.

380 1802 402 1823 „
414 1781 502 1824 Vix,
547 1784 655 1823 inquit
681 1783 758 1825 ille,
795 1793 918 1814 aurora
941 1783 1159 1814 illucescebat
1181 1781 1215 1810 et
1234 1780 1303 1818 jam
1327 1778 1464 1809 velaria

381 1829 532 1869 „lineae
554 1832 610 1862 vel
631 1831 723 1861 linea
746 1839 819 1861 cum
844 1830 1013 1860 velaribus
1037 1829 1236 1867 praetenta3
1271 1826 1305 1855 et
1328 1825 1465 1863 pluebat

379 1875 529 1913 „statim
573 1876 729 1915 quicquid
764 1875 876 1906 nobile
910 1876 1011 1907 etc.“
1056 1876 1148 1904 Haec
1185 1871 1246 1902 Vir
1281 1870 1464 1911 Maximus,

382 1920 583 1954 festinanter
611 1926 645 1954 et
669 1922 779 1952 minus
803 1923 971 1955 accurate,
1020 1920 1133 1951 Primo
1156 1918 1265 1958 enim,
1293 1916 1363 1947 scio
1389 1918 1466 1947 Sta-

383 1965 467 1997 tium
506 1977 575 1998 non
623 1969 845 2000 admissurum
878 1967 982 1998 fuisse
1021 1970 1090 1998 tam
1124 1965 1241 1996 rudem
1276 1965 1310 1993 et
1347 1964 1466 1993 duram

383 2011 559 2044 elisionem
584 2013 617 2044 in
643 2024 765 2051 versu,
796 2015 933 2052 lineae3
959 2019 991 2044 et
1010 2013 1166 2053 pluebat.
1213 2009 1358 2050 Deinde,
1386 2008 1466 2047 quid

382 2059 500 2090 volunt
521 2060 585 2091 ista
614 2062 721 2092 Hunc
745 2070 857 2091 rorem
880 2062 1020 2091 veniens
1037 2059 1205 2100 profudit
1218 2057 1354 2087 Eurus}
1383 2055 1467 2086 haec

380 2103 587 2147 significant,
639 2107 749 2146 inquit
782 2107 990 2147 Salmasius,
1033 2106 1195 2144 pleraque
1229 2112 1343 2133 eorum
1379 2110 1466 2140 quae

382 2154 463 2183 tunc
496 2162 614 2192 sparsa
648 2156 746 2185 erant
785 2162 829 2183 ex
868 2153 1008 2183 Oriente
1041 2152 1187 2182 venisse.
1223 2149 1302 2187 quid
1339 2148 1465 2178 audio?

382 2205 427 2227 an
461 2198 596 2230 Pontus
631 2199 667 2230 in
703 2200 865 2230 Oriente?
909 2209 952 2230 an
980 2199 1144 2239 Ebusus,
1185 2195 1298 2226 insula
1322 2193 1358 2224 in
1382 2194 1466 2225 mari

381 2243 578 2287 Balearico,
621 2245 719 2283 juxta
764 2245 982 2284 Hispaniam;
1016 2244 1114 2275 istam
1138 2242 1355 2282 Hispaniam,
1380 2250 1466 2279 quae

386 2290 447 2329 (ut
485 2291 563 2322 alibi
589 2292 744 2331 Statius)
772 2292 959 2324 Stridorem
991 2299 1113 2322 ROTAE
1137 2296 1314 2320 musivus
1349 2287 1465 2318 audit?

384 2335 450 2366 Sed
477 2339 511 2368 et
532 2337 593 2368 hoc
615 2339 862 2380 concedamus,
899 2342 937 2370 ut
963 2347 1065 2377 porro
1092 2344 1292 2376 quaeramus
1319 2334 1397 2372 quid
1424 2334 1468 2364 sit

382 2385 524 2415 veniens
556 2385 677 2416 Eurus.
712 2387 856 2416 veniens
889 2385 1021 2424 quidem
1056 2384 1119 2415 Sol
1152 2385 1185 2413 et
1212 2383 1353 2412 veniens
1377 2382 1466 2422 (lies,

383 2436 447 2466 pro
470 2432 585 2462 oriens
608 2432 672 2462 Sol
697 2436 730 2462 et
753 2433 838 2468 dies,
862 2431 985 2470 passim
1011 2432 1194 2462 occurrunt
1215 2428 1304 2467 apud
1327 2428 1466 2465 poetas:

384 2475 443 2505 sed
474 2476 567 2508 locus
600 2478 672 2517 ipse
706 2489 730 2509 a
762 2488 827 2518 quo
860 2478 1002 2510 veniunt
1033 2486 1093 2508 seu
1124 2475 1280 2507 oriuntur
1305 2483 1375 2504 non
1399 2473 1466 2505 nisi

384 2522 528 2554 absurde
554 2522 620 2555 dici
649 2526 760 2564 potest
783 2527 905 2556 venire
933 2534 991 2555 seu
1019 2525 1130 2554 oriri.-
1151 2521 1271 2552 Eurus
1295 2520 1384 2550 enim
1409 2530 1468 2551 ve-

384 2569 483 2599 niens
510 2573 599 2600 esset
627 2574 742 2602 oriens
762 2570 902 2602 Oriens.
950 2572 1092 2602 Tantum
1109 2570 1228 2600 contra
1251 2566 1461 2600 salmasium.

384 2614 575 2646 Gronovius
599 2618 688 2647 enim
712 2618 896 2656 prudenter
922 2617 1011 2648 hunc
1034 2618 1145 2646 locum
1171 2612 1367 2653 transmisit,
1390 2612 1462 2643 sive

384 2661 473 2698 quod
504 2662 587 2692 nihil
611 2663 652 2692 de
685 2673 726 2694 eo
749 2663 862 2694 dicere
884 2663 1021 2704 habuit,
1063 2671 1122 2693 seu
1147 2661 1234 2692 forte
1263 2658 1391 2689 veritus
1415 2659 1465 2689 of·-

381 2705 519 2738 fendere
561 2708 703 2739 amicum
735 2709 956 2750 Salmasium,
1009 2708 1104 2746 cujus
1143 2706 1356 2744 conjecturas
1388 2704 1463 2735 sine

369 2751 483 2787 ,dubio
508 2756 694 2793 approbare
723 2764 793 2786 non
817 2756 938 2794 potuit.
980 2756 1026 2786 Et
1049 2763 1155 2790 sane,
1179 2755 1217 2782 ut
1238 2751 1346 2781 dicam
1373 2751 1464 2790 quod

383 2800 515 2841 sentio,
562 2802 688 2832 frustra
725 2804 775 2832 est
808 2802 916 2832 omnis
942 2801 1038 2832 labor
1061 2800 1096 2830 in
1123 2797 1369 2838 perditissimo,
1416 2799 1461 2838 et,

383 2848 420 2877 ut
443 2846 523 2877 mihi
548 2848 703 2886 videtur,
744 2848 863 2879 mutilo
888 2849 976 2879 loco.
1021 2849 1131 2878 Unum
1153 2846 1216 2876 hoc
1242 2846 1355 2876 tamen
1380 2852 1462 2882 pos-

383 2900 456 2923 sum
478 2893 610 2935 dicere,
636 2893 780 2926 Statium
806 2895 878 2926 scil.
903 2893 1090 2935 scripsisse,

470 2949 578 2982 Hunc
605 2961 718 2982 rorem
740 2955 880 2983 veniens
899 2953 1070 2995 profudit
1089 2952 1176 2984 Eos:

382 2993 443 3030 [ex
469 2996 588 3029 Ovidio
611 2999 701 3029 Fast.
727 3000 788 3034 111,
816 3001 893 3030 877.

474 3042 558 3074 Tres
586 3046 646 3075 ubi
666 3043 850 3088 Luciferos
878 3051 1028 3076 vernaus
1046 3047 1283 3086 praemiserit
1301 3045 1383 3078 Eos.
1406 3046 1465 3081 Ex

380 3083 488 3127 Aba]
515 3090 604 3121 Idem
631 3093 767 3121 Metam.
792 3094 832 3133 V,
854 3092 935 3123 440.

474 3133 578 3165 Illam
606 3147 673 3167 non
698 3139 815 3169 rutilis
838 3138 980 3169 veniens
1002 3140 1137 3170 Aurora
1165 3138 1302 3181 capillis

418 3219 424 3226 Ι
479 3180 677 3212 cessantem
699 3186 804 3226 vidit,
828 3194 896 3216 non
919 3185 1113 3225 Hesperus.

385 3218 543 3260 Virgilius
562 3225 615 3267 X,
640 3228 721 3258 241.

1201 386 1388 435 NOTAE
1418 398 1487 434 AD
1522 385 1626 433 Lm.
1655 386 1690 433 Ι.
1728 372 1778 432 6ss

2510 407 2607 456 3⁷69

1618 509 1730 551 Surge
1755 519 1838 551 age,
1867 514 1902 541 et
1923 511 2057 543 Aurora
2080 517 2193 547 socios
2218 516 2377 548 veniente
2401 519 2529 548 vocari

1614 555 1756 587 Primus
1780 558 1817 587 in
1842 565 1944 587 arma
1960 556 2055 596 jube.

1525 600 1577 631 Ita
1602 604 1743 633 veniens
1771 602 1822 633 sol
1848 604 1968 634 Horat.
1993 603 2099 643 Epist.
2125 606 2162 643 1,
2188 608 2241 637 16.
2263 608 2403 639 veniens
2435 606 2507 638 dies
2530 605 2608 637 Vir-

1524 646 1625 685 gilius
1649 649 1771 688 Georg.
1798 649 1839 679 de
1863 649 2009 692 Orpheo,

1620 695 1687 735 Te,
1713 694 1871 726 veniente
1894 697 1969 734 die,
1994 701 2049 736 te,
2073 695 2275 738 decedente,
2299 698 2455 729 canebat.

1524 739 1614 770 unde
1644 740 1775 772 erudite
1801 742 1958 772 Lucanus
1983 743 2018 783 I,
2046 742 2098 772 15.

1626 785 1722 817 Unde
1747 786 1840 818 venit
1869 787 1996 825 Titan,
2020 792 2055 818 et
2078 795 2150 818 noa·
2174 787 2235 817 ubi
2255 788 2371 818 sidera
2396 787 2532 818 condit.-

1530 829 1566 860 id
1595 833 1668 870 est,
1704 832 1847 864 Oriente
1870 835 1905 864 et
1932 833 2124 865 Occidente.
2175 832 2269 874 Eos,
2305 833 2412 872 prima
2437 832 2612 872 producta,

1531 878 1650 914 utpote
1676 887 1696 908 a
1720 879 1850 910 Graeco
1872 875 1988 917 ’11ὼς.·
2012 882 2046 911 et
2069 879 2117 910 ita
2139 879 2298 910 Lucanus
2322 879 2382 920 IX,
2407 879 2484 910 549.
2531 876 2612 908 Ovi-

1533 922 1607 952 dius
1632 925 1772 956 Heroid.
1798 928 1866 962 III,
1893 927 1948 959 57.
1973 928 2008 957 et
2029 925 2101 957 alii.
2147 927 2226 956 Post
2246 933 2399 965 versum,
2442 924 2525 954 Jam
2546 922 2614 953 bel-

1532 969 1627 1001 laria
1659 972 1790 1002 adorea
1817 971 2008 1011 pluebant,
2051 970 2273 1014 (quocunque
2305 971 2404 1002 modo
2437 970 2501 1000 iste
2532 966 2614 999 scri-

1533 1016 1660 1047 bendus
1691 1018 1752 1058 sit,
1801 1018 1890 1056 quod
1929 1027 2010 1049 sane
2041 1018 2140 1056 juxta
2176 1028 2249 1049 cuin
2277 1015 2496 1057 ignarissimis
2521 1010 2616 1056 scio)

1533 1062 1700 1094 excidisse
1722 1065 1802 1102 puto
1828 1066 1898 1095 tres
1922 1064 1978 1095 vel
2003 1063 2199 1107 quaytuor,
2228 1063 2348 1104 quibus
2373 1061 2618 1094 enumeraban-

1532 1109 1588 1139 tur
1616 1109 1754 1140 missilia
1791 1110 1825 1140 et
1847 1111 1989 1142 bellaria
2014 1119 2100 1149 quae
2123 1111 2232 1149 prima
2255 1109 2454 1150 prolusione
2478 1115 2616 1148 sparge-

1533 1155 1655 1186 bantur
1677 1156 1712 1186 in
1739 1156 1920 1195 populum:
1945 1159 2024 1196 post
2049 1166 2133 1196 quos
2156 1157 2269 1198 addit,
2293 1157 2401 1187 Hunc
2424 1164 2536 1186 rorem
2560 1162 2618 1183 ve-

1533 1203 1633 1232 niens
1655 1203 1821 1245 profudit
1841 1203 1913 1234 Eos
1927 1224 1938 1240 ‚
1977 1203 2060 1234 haec
2085 1203 2224 1242 Sparsio
2253 1206 2328 1234 erat
2351 1202 2459 1243 prima
2487 1202 2522 1231 et
2546 1206 2618 1229 ma—

1533 1247 1652 1279 tutina.
1687 1248 1779 1287 atqui
1804 1249 1984 1280 absurdum
2008 1252 2098 1280 esset
2119 1249 2231 1282 dicere
2255 1257 2351 1280 nuuc
2380 1257 2514 1288 rorem,
2549 1243 2615 1275 nisi

1532 1297 1612 1325 ante
1649 1296 1822 1326 narrasset
1847 1298 1924 1335 quis
1954 1296 2011 1326 vel
2033 1296 2150 1336 qualis
2174 1298 2263 1327 esset
2281 1295 2335 1326 hic
2359 1303 2418 1326 ros
2444 1302 2504 1324 seu
2528 1291 2615 1322 nim-

1531 1341 1614 1378 bus3
1650 1350 1713 1371 nec
1741 1350 1887 1378 unquam
1910 1341 2131 1380 peritissimus
2155 1345 2189 1374 et
2220 1341 2333 1372 decori
2357 1337 2616 1372 observantissi-

1532 1395 1605 1416 mus
1637 1389 1738 1425 poe'ta
1770 1390 1838 1417 tam
1872 1397 1978 1427 prope
2003 1389 2201 1418 collocasset
2235 1388 2307 1419 Vix
2330 1388 2484 1418 Annona
2507 1391 2614 1415 novos

1532 1439 1702 1465 movsen*
1741 1440 1860 1464 onrus
1908 1436 1942 1464 et
1976 1433 2082 1465 Hunc
2120 1444 2232 1466 rorem
2266 1440 2415 1464 vsxmxs
2449 1430 2620 1473 profudit

1532 1479 1626 1518 Eos,
1666 1488 1768 1510 sensu
1798 1482 1865 1510 tam
1889 1479 2010 1521 simili,
2048 1480 2122 1511 sine
2157 1479 2366 1511 intermediis
2390 1477 2536 1518 quinque
2560 1474 2616 1506 vel

1533 1528 1678 1564 quatuor
1709 1526 1827 1555 saltem
1863 1526 2026 1557 versibus.
2085 1526 2310 1558 Procuidubio
2338 1524 2464 1564 aliquid
2487 1520 2616 1554 excidit

1532 1573 1611 1601 ante
1634 1579 1770 1602 versum
1791 1571 1897 1602 Hunc
1923 1582 2037 1603 rorem
2063 1574 2127 1603 etc.
2152 1574 2238 1611 quod
2263 1574 2297 1603 et
2322 1571 2397 1602 aliis
2415 1571 2533 1601 harum
2551 1567 2627 1600 Si1-'

1531 1626 1648 1648 varum
1677 1618 1762 1648 locis
1789 1617 1936 1659 accidit,
1959 1621 1997 1649 ut
2025 1620 2165 1657 praefat.
2190 1618 2246 1651 lib.
2277 1621 2303 1649 Ι.
2332 1617 2452 1648 initio:
2477 1614 2615 1655 praefat.

1530 1663 1588 1696 lib.
1622 1665 1661 1693 V.
1690 1663 1829 1702 Epiced.
1867 1663 1903 1693 in
1935 1665 2025 1695 Patr.
2061 1674 2094 1695 v.
2131 1667 2208 1697 130.
2234 1664 2372 1703 Epiced.
2400 1663 2436 1694 in
2458 1662 2615 1700 Puerum,

1531 1710 1574 1740 ad
1599 1709 1718 1747 finem;
1767 1713 1802 1741 et
1827 1710 1906 1740 alibi
1933 1711 2020 1741 forte
2046 1711 2103 1742 ubi
2128 1721 2218 1742 nunc
2243 1712 2370 1742 frustra
2393 1709 2523 1740 nosmet
2545 1709 2617 1738 tor-

1532 1763 1693 1795 quemus:
1722 1756 1809 1794 quod
1838 1765 1879 1786 ne
1903 1755 1938 1786 in
1963 1758 2133 1796 posterum
2157 1758 2232 1797 fiat,
2279 1755 2459 1787 Asteriscis
2477 1754 2540 1786 hos
2563 1753 2617 1783 lo-

1533 1810 1591 1833 cos
1626 1801 1753 1832 notavi.
1800 1804 1840 1832 In
1875 1802 1963 1833 Edit.
1998 1804 2108 1834 Parm.
2133 1813 2195 1843 pro
2220 1803 2373 1834 bellaria
2396 1800 2533 1833 invenio
2557 1808 2616 1830 ‘oe-

1532 1849 1637 1879 laria.

1576 1903 1611 1928 v.
1639 1893 1692 1923 15.
1739 1891 1791 1923 Et
1810 1902 1898 1933 quas
1918 1896 2127 1935 praecoquit
2143 1894 2279 1926 Ebusia
2303 1895 2456 1933 cannas]
2497 1891 2618 1922 Totam

1536 1937 1737 1976 sententiam
1763 1938 1955 1970 videamus:

1671 1985 1845 2025 Quicquid
1866 1985 1980 2016 nobile
2002 1985 2163 2016 Ponticis
2190 1988 2326 2016 nuc-etis

1672 2030 1870 2062 Foecundis
1896 2033 1992 2064 cadit
2013 2037 2080 2062 aut
2094 2031 2195 2072 jugis
2222 2033 2373 2073 Idames,

1675 2078 1776 2116 Quod
1796 2080 1908 2109 ramis
1930 2079 1995 2117 pia
2011 2080 2185 2119 germinat
2211 2079 2426 2116 Damascus,

1667 2123 1712 2154 Et
1737 2133 1819 2161 quas
1843 2125 2040 2163 praecoquit
2062 2124 2189 2155 Ebusia
2216 2133 2355 2162 cannas,

1671 2168 1805 2211 Largis
1826 2172 2020 2211 gratuitum
2043 2172 2140 2201 cadit
2168 2173 2321 2210 rapinis.

1536 2212 1594 2243 ubi
1628 2215 1743 2246 omnia
1774 2216 1889 2247 facilia
1925 2219 2003 2247 sunt
2038 2217 2080 2247 ad
2115 2226 2251 2248 versum
2275 2216 2453 2256 quartum3
2491 2215 2526 2247 in
2551 2225 2617 2256 quo

1535 2269 1597 2298 pro
1625 2264 1833 2303 praecoquit
1862 2262 2046 2295 Salmasius
2078 2263 2121 2294 ad
2141 2263 2294 2296 Solinum
2316 2265 2409 2294 recte
2433 2262 2516 2302 legit
2532 2273 2618 2303 per-

1538 2309 1674 2348 coquit,
1716 2312 1750 2340 et
1780 2309 1929 2340 illustrat
1961 2310 2153 2340 Gronovius
2187 2310 2296 2341 Diatr.
2323 2319 2353 2340 c.
2379 2309 2470 2342 xlv.
2496 2310 2530 2340 et
2554 2317 2617 2347 pro

1535 2351 1673 2385 Ebusia
1693 2354 1776 2394 legit
1793 2355 1933 2387 Ebosea
1953 2355 2048 2395 quasi
2073 2358 2162 2387 esset
2188 2352 2365 2399 ’Πβόσεια
2396 2352 2505 2397 νῆσος.
2550 2354 2617 2385 Re-

1538 2400 1590 2429 cte
1615 2400 1715 2431 etiam
1746 2401 1823 2432 hoc:
1849 2404 1882 2432 et
1907 2402 1956 2433 ita
1977 2402 2154 2434 EdItiones
2177 2401 2315 2439 aliquot.
2338 2399 2494 2430 Ebusum
2517 2401 2619 2431 vocat

1536 2446 1675 2477 Servius
1701 2447 1743 2478 ad
1766 2448 1883 2488 virgil.
1909 2450 1983 2489 VII,
2009 2451 2087 2480 662.
2134 2448 2265 2479 Deinde
2290 2454 2352 2484 pro
2380 2454 2516 2476 cannas
2541 2455 2617 2478 eru·

1537 2490 1606 2522 dite
1633 2494 1754 2532 probat
1787 2495 1966 2534 legendum
1993 2503 2067 2525 esse
2092 2503 2249 2533 caunas,
2277 2491 2310 2522 id
2334 2494 2408 2532 est,
2422 2489 2516 2530 ficos
2545 2494 2617 2524 sic-

1537 2542 1665 2570 catas.-
1691 2549 1770 2570 nam
1794 2540 1882 2572 sicut
1910 2543 2049 2571 Caria-is
2061 2560 2073 2577 ,
2100 2539 2132 2570 id
2157 2542 2225 2576 est,
2250 2537 2320 2568 ficis
2347 2547 2366 2567 e
2393 2539 2505 2568 Caria
2529 2538 2620 2570 acci-

1536 2583 1585 2614 dit
1611 2586 1650 2615 ut
1672 2595 1794 2616 nomen
1820 2587 1940 2617 fierent
1965 2585 2124 2625 generale
2150 2587 2184 2616 et
2211 2593 2385 2616 commune
2409 2583 2557 2615 omnium
2581 2585 2619 2615 fi-

1533 2639 1648 2661 corum
1677 2631 1897 2668 siccatarum,
1928 2632 1991 2663 hoc
2016 2634 2087 2672 est,
2122 2629 2269 2673 ἰσχάδων
2277 2640 2293 2669 ;
2328 2630 2375 2661 ita
2402 2631 2436 2660 et
2468 2631 2617 2662 Cauneis

1533 2685 1578 2706 ex
1613 2677 1763 2715 ejusdem
1797 2678 1916 2709 Cariae
1949 2678 2072 2718 oppido
2110 2679 2228 2708 Cauno
2257 2676 2367 2707 allatis
2396 2678 2513 2716 postea
2536 2686 2624 2708 usu-

1531 2722 1638 2754 venit.
1694 2724 1789 2754 Unde
1822 2734 1958 2756 caunas
1989 2725 2093 2755 Chias
2119 2724 2204 2754 dixit
2227 2722 2412 2754 Columella
2436 2732 2500 2762 pro
2525 2725 2621 2755 cari-

1533 2770 1584 2799 cis
1633 2768 1756 2810 Chiis,·
1800 2773 1834 2801 et
1870 2781 2006 2802 caunas
2038 2770 2142 2801 Ebusi
2169 2772 2296 2801 Noster
2319 2779 2380 2808 pro
2405 2771 2536 2802 caricis
2561 2770 2618 2801 vel

1531 2816 1636 2846 siccis
1652 2813 1738 2853 ficis
1761 2816 1886 2854 Ebusi,
1913 2826 1995 2855 quas
2024 2816 2236 2848 commendat
2257 2815 2397 2847 Plinius.
2442 2815 2538 2849 Unde
2564 2817 2619 2849 to·-

1529 2861 1600 2892 tum
1633 2870 1769 2892 versum
1793 2863 1841 2893 sic
1864 2862 1957 2904 legit,

1623 2906 1672 2938 Et
1698 2917 1787 2948 quas
1817 2908 1992 2948 percoquit
2015 2908 2142 2940 Ebosia
2169 2916 2313 2939 caunas:

1534 2951 1588 2984 cui
1622 2954 1765 2985 succinit
1802 2956 1995 2988 Gronovius
2038 2955 2119 2997 „his
2152 2954 2299 2986 certiora
2330 2953 2456 2983 frustra
2477 2952 2518 2983 ab
2541 2949 2615 2990 ipso

1532 2998 1690 3041 „Phoebi
1729 3004 1850 3040 operto
1881 3004 1987 3041 petas.
2000 3002 2022 3022 “
2067 3002 2127 3033 His
2159 3001 2264 3041 igitur
2291 3001 2357 3030 tam
2381 2999 2474 3029 certo
2496 2997 2617 3029 funda-

1533 3048 1648 3078 mento
1675 3047 1884 3090 constitutis,
1913 3049 1983 3088 jam
2014 3047 2188 3079 videamus
2219 3045 2285 3077 loci
2317 3042 2614 3084 constructionem,

1535 3101 1621 3131 quae
1644 3092 1727 3124 haec
1751 3096 1820 3126 est:
1850 3095 2012 3136 quicquid
2034 3095 2147 3126 nobile
2169 3093 2266 3124 cadit
2288 3091 2424 3121 nucem
2453 3089 2613 3120 Ponticis

1532 3144 1599 3170 aut
1621 3140 1809 3181 foecundis
1840 3140 1938 3182 jugis
1964 3142 2124 3180 1dumes5
2159 3138 2249 3179 quod
2270 3135 2293 3166 i.
2320 3144 2349 3166 e.
2375 3134 2532 3174 quicquid
2548 3137 2614 3176 pia

1531 3186 1736 3218 Damascus
1766 3189 1942 3228 germinat
1964 3189 2095 3227 ramis,
2143 3189 2179 3215 et
2201 3188 2340 3213 CAUNAE
2363 3190 2450 3221 quas
2477 3189 2613 3213 caunas

1533 3231 1665 3264 Ebosia
1690 3234 1892 3275 percoquit,
1941 3239 2050 3264 cam-r
2083 3235 2292 3264 ausrurrun
2327 3227 2438 3269 largis
2461 3229 2613 3269 rapinis.
