2892 3840
1372 0 1467 28 mm
1627 0 1724 120 g*
1734 5 1737 11 »
1793 0 1830 9 ‘-
1920 0 1984 42 *ς

370 402 471 458 13ss
1077 392 1975 449 1³.1³A1³1N11s'rA·rri

371 526 462 576 Illa
494 526 728 584 domum,
776 531 923 574 torvo
958 538 1109 587 quam
1136 536 1240 570 non
1274 521 1398 571 haec
1429 523 1618 571 lumine
1653 524 1773 587 figat

372 616 643 675 Protenus‚
692 622 743 662 et
775 627 930 661 saeva
961 612 1223 675 perturbet
1251 613 1683 675 gaudiadextraff

374 705 646 754 Florebant
675 703 858 750 hilares
891 701 1268 765 inconcussique
1299 709 1530 766 penates3

375 795 458 846 Nil
489 800 759 842 moestum:
797 790 917 854 quid
954 790 1115 849 enim,
1146 792 1377 854 quamvis
1411 791 1567 839 infida
1601 793 1844 858 levisque,

378 883 591 941 Caesare
629 888 733 929 tam
769 880 978 938 dextro,
1014 887 1188 944 posset
1220 879 1450 927 Fortuna
1482 881 1682 930 timeri?

375 973 616 1022 Invenere
652 972 792 1020 viam
822 970 1034 1018 liventia
1065 967 1221 1027 Fata,
1259 969 1500 1032 piumque

374 1061 586 1109 Intravit
619 1061 700 1108 vis
732 1074 887 1109 saeva
916 1058 1086 1106 larem.
1159 1059 1229 1106 sic
1262 1058 1411 1122 plena
1446 1059 1667 1122 maligno

374 1149 618 1196 Afflantur
653 1151 829 1199 vineta
863 1147 1020 1197 Noto:
1057 1149 1129 1196 sic
1164 1148 1266 1218 alta
1298 1149 1515 1195 senescit

373 1239 534 1286 Imbre
572 1254 714 1302 seges
748 1237 1170 1301 ninum-rapidae
1203 1239 1274 1286 sic
1305 1238 1457 1287 obvia
1485 1238 1645 1301 puppi

373 1327 598 1386 Invidet,
632 1335 685 1374 et
712 1327 841 1377 velis
879 1326 1140 1374 adnubilat
1169 1342 1292 1374 aura
1326 1311 1572 1375 secundis.

376 1414 609 1481 Carpitur
645 1419 892 1465 eximium
925 1416 1030 1464 fato
1066 1415 1290 1465 Priscilla
1322 1417 1579 1465 decorem:
1720 1463 1777 1501 ‚0

378 1503 602 1564 Qualiter
638 1508 741 1554 alta
770 1513 964 1554 comam
997 1505 1240 1554 silvarum
1272 1507 1428 1568 gloria
1457 1507 1607 1570 pinus

377 1595 480 1643 Seu
509 1594 650 1644 Jovis
678 1597 793 1657 igne
822 1595 954 1642 malo
965 1628 981 1653 ,
1010 1610 1096 1641 seu
1125 1595 1233 1657 jam
1259 1595 1427 1643 radice
1461 1595 1642 1653 soluta,

377 1684 584 1743 Deficit,
622 1692 674 1732 et
709 1685 834 1731 nulli
877 1670 1091 1748 spoliata
1119 1692 1457 1732 remurmurat
1477 1664 1657 1732 aurae.

380 1773 513 1833 Quid
546 1774 802 1838 probitas,
832 1781 919 1821 aut
955 1780 1091 1820 casta
1134 1774 1282 1832 fides,
1318 1774 1439 1838 quid
1470 1776 1679 1823 numina
1719 1781 1930 1838 prosunt

381 1861 528 1911 Culta
561 1864 757 1911 Deum?
792 1864 966 1910 furvae
995 1863 1233 1910 miseram
1268 1865 1452 1911 circum
1488 1863 1709 1927 undique
1741 1863 1830 1910 leti

378 1952 641 2003 Vallavere
677 1953 867 2017 plagae.
940 1959 1210 1999 tenuantur
1243 1953 1369 2000 dura
1398 1967 1627 2008 sororum

377 2041 540 2100 Licia‚
577 2050 629 2090 et
666 2044 834 2089 exacti
871 2048 1101 2109 superest
1138 2057 1255 2105 pars
1285 2043 1465 2089 ultima
1497 2041 1581 2088 fili.

378 2131 461 2180 Nil
494 2132 670 2179 famuli
703 2139 904 2190 coetus,
939 2131 1011 2177 nil
1043 2146 1123 2178 ars
1160 2147 1372 2195 operosa
1405 2130 1700 2178 medentum

380 2220 645 2268 Auxiliata
677 2204 836 2268 malis.
909 2221 1116 2268 comites
1153 2228 1324 2268 tamen
1364 2220 1585 2284 undique
1619 2221 1733 2267 fieto

381 2309 533 2373 Spem
566 2310 805 2358 simulant
838 2310 1006 2359 vultu:
1051 2310 1255 2357 flentem
1288 2317 1433 2357 notat
1463 2310 1549 2357 illa
1582 2311 1835 2358 maritum.

378 2399 464 2446 Ille
493 2399 646 2447 modo
676 2394 903 2448 infernae
937 2401 1267 2463 nequicquam
1300 2399 1508 2447 flumina
1541 2399 1727 2448 Lethes

379 2487 668 2554 Incorrupta
701 2496 867 2551 rogatt
902 2503 1034 2536 nunc
1064 2488 1516 2536 anxiusomnibus
1553 2490 1654 2536 aris

379 2576 723 2639 Illachrymat,
759 2579 1018 2642 signatque
1052 2578 1214 2635 fores,
1254 2585 1306 2624 et
1337 2572 1539 2641 pectore
1575 2585 1738 2640 terget

382 2664 605 2714 Limina:
643 2683 774 2715 nunc
808 2669 978 2728 magni
1012 2674 1160 2717 vocat
1195 2665 1453 2712 exorabile
1484 2680 1672 2713 numen

384 2751 628 2803 Caesaris.
699 2756 813 2804 Heu
849 2756 1002 2803 durus
1033 2755 1149 2803 Fati
1184 2756 1351 2802 tenor!
1388 2761 1530 2801 estne
1567 2755 1700 2818 quod
1733 2756 1806 2803 illi

382 2842 497 2891 Non
528 2845 707 2893 liceat?
742 2852 956 2909 quantae
990 2850 1225 2908 poterant
1259 2843 1553 2892 mortalibus
1589 2846 1734 2893 annis

382 2931 668 2982 Accessisse
702 2950 903 2993 morae,
936 2935 980 2981 si
1012 2941 1093 2992 tu,
1129 2941 1297 2998 pater,
1329 2948 1477 2981 omne
1514 2941 1712 2983 teneres

346 3072 360 3079 ,„
383 3021 691 3073 Arbitrium?
718 3039 863 3072 caeco
896 3031 1118 3086 gemeret
1145 3023 1280 3071 Mors
1314 3022 1450 3070 clusa
1482 3022 1733 3081 barathro,

477 3241 515 3271 V.
546 3242 620 3273 149.
653 3243 692 3277 L.
720 3250 918 3277 ossuum-r.
951 3235 1045 3278 ι167.
1070 3245 1195 3287 Forte,
1219 3245 1274 3286 tu,
1301 3245 1398 3284 pater
1430 3251 1546 3287 Αιωῑ,
1581 3246 1645 3276 etc.
