2892 3840
341 417 442 466 282

345 542 380 574 id
406 543 481 583 est,
514 540 585 575 hac
609 549 733 574 causa.
760 537 837 571 vide
860 535 944 569 Plin.
970 535 1012 565 N.
1039 534 1082 563 H.
1107 532 1148 573 ll,
1174 534 1231 564 25.
1254 533 1288 563 et
1314 539 1431 562 exem-

348 590 404 629 pla
427 586 561 626 ubique.
605 585 690 619 Vide
715 587 827 618 autem
851 581 1012 621 originem
1036 578 1185 610 erroris:
1227 578 1336 617 prima
1360 577 1432 616 syl-

348 637 425 666 laba
461 633 499 664 in
531 635 666 666 nomine
696 631 852 669 absorpta
887 627 960 658 erat
985 625 1022 655 in
1044 624 1171 655 ultimis
1196 624 1326 656 duobus
1350 622 1432 654 lite-

349 681 397 713 ris
432 679 529 712 vocis
562 677 795 719 praecedentis
818 683 906 715 quo,
941 671 979 701 ut
1003 672 1095 701 esset
1119 679 1186 711 quo
1210 673 1325 702 mine:
1366 669 1431 700 hoc

351 735 421 758 non
444 725 619 757 intellecto
649 722 814 755 addebant
839 719 999 758 syllabam
1026 726 1065 747 re
1090 715 1204 747 versui
1230 715 1432 756 supplendo,

352 781 471 805 sensus
495 771 616 803 securi.
639 767 827 801 sexcenties
850 764 915 795 hoc
939 761 1124 804 accidisse,
1164 762 1262 792 facile
1286 763 1432 801 probare

353 827 506 859 possem,
529 817 594 848 uisi
614 813 752 846 eruditis
776 812 892 843 notum
916 809 1016 840 esset.
1064 811 1103 839 In
1127 808 1262 847 syllabis
1287 815 1434 837 uomune

352 873 468 896 vocem
503 864 635 894 nomine
666 858 774 898 quivis
803 856 929 887 videat.
976 854 1236 885 confunduntur
1261 862 1343 884 vero
1370 853 1433 883 hae

352 919 455 942 voces
486 917 631 939 munera
664 907 697 935 et
734 905 872 934 nomina
902 900 937 930 in
964 901 1073 932 MSS:
1122 899 1199 930 vide
1224 899 1434 939 Scaligerum

353 957 395 988 ad
421 954 539 986 Manil.
563 954 620 991 lv,
655 950 735 981 207.
761 948 809 978 ita
830 946 919 986 apud
943 945 1039 976 ovid.
1063 947 1146 976 Met.
1171 946 1245 986 XV,
1273 947 1351 976 819.
1372 954 1434 984 pro

353 1006 496 1033 nonnus
529 998 629 1029 heres
666 995 775 1026 codex
805 991 1012 1031 Zinzerling.
1049 994 1082 1022 et
1109 990 1286 1023 Leidensis
1312 992 1437 1023 habent

353 1051 528 1084 nunnius,
570 1043 658 1074 tcste
684 1039 836 1071 Heinsio.
860 1038 1066 1071 Claudianus
1090 1038 1132 1068 de
1159 1040 1218 1071 Vl.
1242 1041 1343 1070 cons.
1368 1038 1439 1068 Ho-

354 1102 424 1124 nor.
460 1099 493 1121 ν.
520 1090 571 1120 17.
621 1087 728 1119 Urbis
753 1091 788 1117 et
808 1085 962 1127 Augusti
980 1086 1152 1126 geminato
1173 1092 1310 1116 nomnen
1325 1085 1436 1127 felix.

354 1140 388 1169 et
407 1135 453 1168 ibi
476 1134 618 1167 Codices
642 1132 797 1165 nonnulli
819 1132 1011 1163 habuerunt
1030 1138 1191 1163 musana.
1240 1134 1280 1162 In
1303 1129 1437 1169 scriptis

354 1183 555 1216 criticorum
586 1181 711 1221 passim
744 1179 910 1210 invenies.
966 1177 1164 1218 Propertius
1188 1179 1233 1209 11.
1262 1180 1318 1209 11.
1368 1177 1438 1206 Ta-

355 1232 450 1271 leque
486 1229 549 1260 sub
585 1232 704 1258 nostro
739 1234 878 1257 nomme
903 1234 1046 1255 carmen
1071 1226 1161 1256 erit:
1202 1224 1238 1255 in
1263 1232 1325 1255 suo
1351 1223 1438 1255 libro

355 1274 485 1307 invenit
508 1273 659 1314 Scaliger
682 1280 853 1311 Μυκεηες
877 1271 965 1311 quod
992 1272 1126 1311 probat.

402 1342 433 1364 v.
458 1333 513 1362 98.
732 1329 853 1370 Vigilis
881 1331 915 1360 te
939 1327 1108 1366 animique
1133 1325 1265 1366 sagacis

446 1377 571 1408 Exitus
614 1375 742 1408 evolvit
787 1380 953 1417 quantum
997 1375 1190 1412 Romana]
1257 1370 1442 1404 Salmasius

357 1424 511 1464 Epistola
539 1422 724 1454 LXXXVI.
749 1432 834 1462 quae
862 1424 913 1452 est
936 1421 979 1452 ad
1005 1420 1236 1461 Gronovium,
1278 1418 1367 1449 hunc
1393 1418 1445 1449 lo-

361 1481 435 1503 cum
458 1471 506 1501 ita
525 1469 627 1508 legit:

451 1516 694 1555 Silvarumque
732 1522 872 1556 comas,
914 1512 972 1544 vel
1013 1520 1118 1551 aquas
1156 1510 1240 1550 quot
1270 1509 1309 1540 in
1344 1517 1445 1540 amne

581 1568 743 1599 sequaces

452 1606 576 1638 Exitus
602 1605 749 1638 evolvit:

363 1664 488 1706 „Scis,
531 1663 639 1702 inquit
672 1662 752 1699 ille,
793 1662 914 1692 exitus
937 1659 1090 1690 amnium
1114 1657 1180 1688 dici
1206 1657 1293 1688 ostia
1317 1664 1448 1694 eorum,

366 1710 515 1752 „quibus
557 1710 593 1740 in
637 1718 731 1739 mare
776 1716 812 1737 se
855 1707 1056 1737 exonerant.
1112 1703 1241 1736 Evolve·
1281 1702 1382 1734 etiam
1411 1702 1448 1734 iu

366 1765 494 1798 „mare
538 1756 697 1787 dicuntur
734 1762 807 1784 cum
844 1752 879 1783 in
914 1761 1006 1783 mare
1040 1752 1167 1782 exeunt
1199 1759 1261 1789 per
1302 1748 1369 1779 ista
1411 1759 1451 1780 o-

366 1803 477 1844 „stia.
533 1801 670 1833 memini
720 1800 768 1831 ita
819 1798 1000 1841 §locutum
1060 1797 1201 1836 politum
1248 1795 1450 1834 scriptorem

364 1846 570 1891 „Curtium3
629 1846 688 1878 sed
736 1854 827 1876 nunc
872 1846 969 1876 iocus
1007 1842 1050 1873 ad
1093 1851 1228 1873 manum
1274 1850 1342 1871 non
1388 1842 1449 1870 est.

365 1895 518 1937 „Aquas
578 1901 745 1934 sequaces
806 1892 843 1921 in
904 1899 1006 1921 amne
1059 1889 1237 1928 eleganter
1291 1887 1451 1927 appellat,

367 1941 481 1982 „quia
516 1939 607 1970 unda
638 1937 790 1977 sequitur
817 1936 950 1966 undam.
996 1936 1116 1966 Posset
1138 1937 1250 1966 tamen
1275 1934 1375 1964 etiam
1402 1934 1453 1964 le-

366 2010 387 2028 ,‚
401 1987 434 2026 gi
448 1988 629 2029 fugaces.-
669 1983 837 2024 lympham
853 1984 984 2025 fugere
1007 1981 1094 2012 dixit
1114 1981 1288 2012 Horatius.
1301 1980 1324 1999 ‘⁶
1369 1981 1448 2011 Non

367 2032 569 2072 exagitanda
600 2031 682 2062 haec
715 2029 870 2062 Salmasii
900 2028 1113 2067 conjectura,
1148 2027 1244 2070 (licet
1269 2028 1371 2066 longe
1393 2026 1447 2057 in-

365 2080 418 2110 fra
448 2077 647 2111 salmasium
677 2077 735 2116 sit)
764 2076 842 2115 quia
867 2077 944 2115 Ipse
969 2074 1048 2105 alibi
1072 2083 1146 2105 eam
1170 2074 1330 2114 damnat,
1370 2072 1450 2112 Epi-

368 2125 454 2156 stola
486 2134 572 2165 quae
597 2123 793 2163 praefigitur
825 2121 1065 2153 Gronovianae
1089 2121 1243 2151 Elencho
1265 2119 1447 2152 Antidiatr.

369 2181 401 2210 Ρ.
424 2173 482 2203 27.
506 2170 564 2202 ubi
588 2171 719 2201 demum
741 2168 836 2209 legit,

643 2215 733 2254 Vigil
756 2222 885 2254 usque,
909 2213 1083 2252 animique
1107 2214 1252 2253 sagacis

463 2262 509 2293 Et
536 2260 622 2292 citus
644 2260 775 2293 evolvis
797 2262 963 2302 quantum
989 2260 1053 2289 etc.

370 2317 472 2359 Tria,
505 2318 633 2360 inquit,
670 2318 706 2349 in
730 2327 771 2349 eo
795 2316 1025 2356 commendat,
1065 2313 1304 2355 Vigilantiam,
1342 2315 1449 2353 Saga-

371 2365 524 2406 citatem,
570 2368 604 2396 et
634 2364 850 2396 celeritatem
888 2363 925 2394 in
954 2362 1022 2393 illis
1055 2361 1253 2392 evolvendis
1279 2362 1314 2391 et
1344 2369 1450 2399 expe-

370 2410 500 2441 diendis
533 2411 575 2442 de
608 2411 726 2449 quibus
758 2410 920 2449 sequitur.
974 2410 1068 2439 Haec
1110 2407 1243 2447 quidem
1267 2406 1451 2446 superiori-

369 2457 431 2488 bus
462 2458 563 2496 longe
595 2457 864 2496 praestantiora:
907 2454 967 2486 sed
1000 2454 1107 2485 adhue
1139 2453 1282 2486 Statium
1309 2462 1448 2495 quaero,

370 2505 403 2534 et
435 2503 586 2543 spiritum
618 2502 713 2534 ilium
749 2505 783 2534 et
805 2502 1014 2541 majestatem
1039 2509 1125 2540 quae
1148 2509 1320 2539 nunquam
1342 2500 1449 2539 serpit

369 2550 471 2580 humi.
518 2549 662 2581 Evolvz's
686 2559 792 2590 vero,
838 2559 907 2580 non
934 2548 1082 2585 evolvit,
1126 2546 1346 2578 certissimum
1375 2547 1450 2578 est:

369 2597 548 2627 Etruscum
583 2597 672 2627 enim
702 2594 884 2634 alloquitur
913 2597 1034 2636 poeta,
1077 2594 1116 2623 ut
1151 2602 1254 2632 supra
1278 2602 1310 2623 v.
1337 2592 1391 2625 83.
1418 2594 1453 2624 et

368 2642 459 2674 infra
482 2651 515 2672 v.
543 2644 618 2673 106.
665 2644 731 2674 Pro
755 2643 869 2682 vigilis
894 2646 928 2672 te
951 2638 1141 2672 Parmensis
1167 2639 1268 2670 aliter
1291 2638 1453 2678 dispescit

370 2698 491 2728 voees,
533 2689 619 2728 vigil
651 2689 741 2728 z'ste5
783 2688 871 2726 quod
906 2687 1022 2717 admisi
1051 2685 1086 2716 in
1111 2687 1336 2725 contextum,
1381 2694 1452 2715 non

370 2734 449 2774 quia
484 2733 731 2775 intelligerem,
775 2734 833 2764 sed
870 2733 959 2772 quod
992 2731 1116 2770 aliquid
1142 2731 1338 2762 necessario
1363 2731 1452 2762 esset

370 2780 621 2812 admittendum.
666 2782 801 2812 Possem
833 2779 979 2809 infinitas
1009 2778 1229 2815 conjecturas
1256 2776 1452 2816 disperdere

369 2827 405 2859 in
437 2827 525 2857 hunc
554 2826 683 2858 locum:
730 2826 789 2856 sed
825 2827 919 2856 nulla
941 2834 1057 2855 earum
1083 2823 1232 2854 mihimet
1257 2823 1451 2862 satisfaci03

370 2874 490 2905 nedum
521 2874 560 2903 ut
599 2872 675 2903 aliis
712 2881 856 2911 sperem.
910 2871 1028 2902 Animi
1059 2879 1140 2901 vero
1176 2872 1317 2912 sagacis
1345 2871 1452 2909 proba

373 2923 422 2951 est
443 2922 476 2950 et
499 2919 625 2950 usitata
647 2919 790 2958 phrasis.
834 2918 1012 2949 Lucretius
1036 2918 1071 2957 1,
1095 2916 1173 2947 403.

463 2966 588 2996 Verum
613 2966 725 2996 animo
748 2966 837 2997 satis
864 2965 953 2995 haec
980 2964 1130 3003 vestigia
1148 2970 1269 3002 parva
1290 2960 1404 3000 sagaci

461 3012 568 3052 Sunt,
591 3021 659 3052 per
681 3023 769 3053 quae
790 3013 910 3051 possis
937 3018 1144 3052 cognoscere
1173 3013 1293 3039 cetera
1318 3013 1402 3039 tute.

369 3057 457 3086 hiem
479 3059 531 3098 11,
551 3057 630 3088 830.

460 3103 529 3133 Nec
562 3105 674 3134 minus
704 3103 792 3135 haec
819 3102 966 3134 animum
992 3109 1196 3144 cognoscere
1218 3108 1325 3140 posse
1351 3106 1450 3138 saga-

592 3159 660 3179 cem

464 3191 573 3228 quam
600 3172 686 3232 qua’e
708 3200 790 3226 sunt
812 3196 895 3226 aliis
919 3196 1022 3226 rebus
1042 3195 1210 3234 privata,
1233 3193 1404 3233 notisque.

376 3245 502 3277 Plinius
541 3248 618 3278 Nat.
662 3251 746 3280 nist.
782 3253 834 3291 11,
870 3253 925 3282 21.
981 3251 1203 3289 Pythagoras
1237 3258 1339 3289 vero,
1393 3249 1449 3279 vz'r

1110 407 1297 457 NOTAE
1331 415 1400 451 AD
1432 402 1537 451 Lm.
1573 400 1651 450 ΠΙ.
1686 401 1732 447 3.

2458 419 2491 466 q
2508 417 2581 455 161

1500 526 1632 568 sagacis
1658 523 1784 566 animi,
1809 534 1835 556 a
1853 528 1955 556 terra
1978 525 2028 556 ad
2047 522 2185 557 Lunam
2206 531 2342 561 centum
2370 528 2445 561 XX
2450 529 2510 563 VI.
2537 529 2587 563 M.

1500 575 1597 606 stad.
1627 581 1704 605 esse
1734 571 1881 613 collegit.
1928 569 2090 603 Manilius
2117 572 2172 612 11,
2197 573 2274 604 156.

1944 618 2037 656 Quin
2053 616 2132 656 jam
2157 619 2335 658 signanda
2355 620 2469 661 sagaci

1593 662 1741 705 singula
1781 669 1865 696 sunt
1887 662 2021 706 auimo,
2058 665 2212 704 propria
2238 673 2326 705 quae
2349 671 2442 699 sorte
2456 667 2586 710 ferun-

1722 714 1793 740 tur·

1501 755 1594 786 mem
1618 757 1694 795 111,
1720 756 1802 786 275.

1593 801 1696 832 Nunc
1729 811 1813 842 age,
1857 804 1938 840 quot
1974 800 2099 831 stadiis
2124 804 2160 831 et
2182 804 2311 841 quanto
2336 804 2488 842 tempore
2509 809 2588 834 sm·-

1720 850 1812 888 gant

1595 891 1742 933 Sidera,
1771 895 1918 933 quotque
1943 892 2094 932 cadant,
2131 889 2246 923 auimo
2272 900 2439 932 cognosce
2465 890 2590 931 sagaci.

1505 936 1608 968 Plura
1642 939 1798 977 exempla
1833 946 1965 975 possem
2001 937 2176 976 proferre:
2223 937 2283 968 sed
2313 946 2474 976 quorsum
2496 938 2594 975 haee,

1507 983 1670 1022 inquies?
1717 986 1760 1015 Ut
1798 992 1930 1014 mecum
1967 982 2101 1014 mireris
2134 982 2213 1022 quid
2247 982 2311 1014 sibi
2343 983 2427 1014 velit
2459 983 2592 1025 Cicero,

1507 1029 1564 1068 qui
1599 1031 1641 1062 ob
1665 1032 1861 1070 usurpatam
1884 1030 1972 1060 hanc
1995 1029 2131 1068 phrasin
2158 1028 2292 1060 veniam
2312 1029 2416 1071 petit,
2439 1031 2493 1061 De
2515 1029 2593 1061 Fin.

1506 1077 1590 1106 Bon.
1629 1078 1664 1107 et
1696 1077 1778 1108 Mal.
1815 1077 1860 1106 11.
1894 1076 1948 1106 14.
1972 1075 2030 1107 ubi
2054 1076 2095 1107 de
2120 1081 2232 1107 mente
2252 1084 2313 1107 seu
2339 1079 2460 1108 animo
2481 1075 2595 1115 loqui-

1507 1124 1582 1154 tur:
1625 1122 1790 1155 Homines
1822 1124 1935 1159 enim,
1975 1124 2049 1154 etsi
2077 1122 2163 1154 aliis
2198 1123 2340 1159 multis,
2388 1128 2504 1154 tamen
2528 1121 2595 1153 hoe

1507 1179 1575 1200 uno
1610 1178 1634 1199 a
1670 1170 1793 1201 bestiis
1828 1168 2016 1209 differunt,
2059 1169 2150 1208 quod
2181 1171 2352 1200 rationem
2381 1168 2538 1200 habeant
2570 1177 2596 1199 a

1507 1220 1644 1246 natura
1663 1216 1800 1256 datam,
1824 1221 2038 1255 usuramque
2061 1220 2094 1246 et
2114 1223 2232 1246 acrem
2255 1220 2293 1247 et
2312 1215 2504 1256 vigentem,
2539 1223 2597 1245 co:-

1508 1262 1714 1302 lerrimeque
1737 1262 1849 1293 multa
1871 1261 1977 1293 simul
1997 1261 2210 1302 agitantem,
2252 1265 2308 1299 et,
2345 1263 2383 1292 ut
2405 1260 2454 1292 ita
2474 1259 2598 1301 dicam,

1511 1315 1696 1340 sseAcffln:
1741 1317 1830 1348 quae
1855 1312 1891 1338 et
1913 1316 2044 1339 causas
2065 1316 2182 1337 rerum
2207 1313 2244 1339 et
2265 1309 2524 1339 consecutiones
2548 1307 2599 1338 vs·-

1512 1355 1610 1395 deut,
1653 1358 1690 1385 et
1715 1354 1962 1385 similitudines
1987 1354 2208 1395 transferat,
2251 1358 2284 1385 et
2308 1353 2487 1392 dis-iuncta
2514 1362 2599 1385 con-

1506 1400 1654 1442 jungat,
1699 1405 1735 1431 et
1757 1410 1834 1431 cum
1851 1400 2099 1440 praesentibus
2116 1400 2252 1442 futura
2274 1400 2430 1442 copulet,
2455 1407 2601 1430 omnem-

1514 1457 1579 1487 que
1602 1446 1853 1485 complectatur
1875 1447 1969 1478 vitae
1994 1447 2237 1485 consequentis
2266 1450 2406 1477 statum.
2456 1443 2600 1476 Notabi-

1513 1493 1599 1534 ista,
1632 1497 1798 1535 mentem,
1837 1497 1876 1524 ut
1899 1494 1953 1523 ita
1979 1493 2118 1532 dicam,
2155 1499 2337 1523 SAGAOEM:
2372 1499 2458 1531 quae
2480 1491 2599 1532 verba,

1514 1544 1552 1570 ut
1585 1540 1637 1570 ita
1672 1539 1805 1580 dicam,
1842 1541 1920 1578 Ipse
1953 1539 2006 1569 De
2042 1538 2187 1570 Oratore
2210 1539 2279 1578 111,
2323 1537 2380 1569 41.
2406 1536 2600 1577 usurpanda

1515 1593 1591 1616 esse
1614 1584 1712 1616 docet
1736 1584 1870 1623 quando
1893 1584 2087 1616 'translatio
2112 1583 2230 1614 durior
2251 1583 2407 1616 videtur:
2435 1583 2479 1615 sn·
2500 1592 2600 1615 vere-

1516 1640 1581 1663 are
1614 1640 1657 1662 ne
1682 1631 1806 1670 paullo
1839 1632 1965 1662 durior
1996 1629 2190 1662 Translatio
2211 1638 2287 1662 esse
2310 1630 2491 1670 videatur,
2514 1629 2599 1661 mol-

1518 1677 1637 1709 lienda
1671 1682 1725 1708 est
1755 1678 1956 1717 praeposito
1982 1686 2089 1717 saepe
2115 1677 2242 1707 verbo:
2283 1680 2324 1707 ut
2347 1678 2381 1707 si
2404 1675 2503 1712 olim,
2547 1673 2598 1706 M.

1521 1725 1650 1754 Catone
1679 1728 1833 1761 mortuo,
1875 1722 2044 1762 Pupillum
2076 1724 2238 1755 Senatum
2269 1724 2345 1762 quis
2369 1722 2527 1753 relictum
2546 1721 2599 1753 ἀι·-

1520 1774 1633 1806 cerel,
1666 1770 1788 1808 paullo
1815 1770 1960 1808 durius5
1984 1771 2061 1810 sin,
2095 1777 2144 1801 υτ
2173 1776 2238 1800 rra
2259 1776 2395 1809 mesu,
2419 1767 2600 1808 Popilium,

1519 1816 1704 1854 aliquanto
1730 1817 1861 1846 mitius.
1907 1816 1983 1846 Jam
2006 1824 2089 1846 vero
2114 1823 2209 1845 mens
2230 1822 2291 1845 seu
2314 1816 2455 1845 animus
2480 1821 2600 1855 sagax

1519 1870 1590 1892 non
1614 1860 1666 1891 est
1693 1860 1812 1892 durior
1837 1859 2051 1901 Translatio,
2085 1861 2145 1891 sed
2167 1859 2293 1891 usitata
2312 1859 2458 1898 locuti03
2494 1862 2533 1891 ut
2554 1866 2601 1890 ex

1520 1905 1681 1938 Lucretio
1713 1909 1748 1938 et
1780 1906 1944 1946 exemplis
1978 1905 2090 1938 allatis
2125 1905 2243 1938 vides:
2282 1908 2317 1937 et
2354 1904 2495 1945 proinde
2529 1914 2601 1937 non

1521 1961 1607 1993 opus
1644 1952 1708 1982 fuit
1740 1955 1779 1985 ut
1813 1953 1875 1984 hac
1912 1952 2156 1984 Excusationis
2187 1952 2331 1983 formula
2362 1953 2517 1983 uteretur
2547 1949 2604 1984 ci-

1518 2009 1607 2032 cero.
1655 1999 1723 2030 Sed
1746 1999 1836 2030 alind
1860 1999 1966 2038 latet;
1998 2001 2033 2031 et
2055 1997 2191 2039 scripsit
2213 1997 2370 2039 Tullius,
2409 1998 2606 2031 celerrimo-

1519 2057 1584 2088 que
1608 2045 1719 2076 multa
1744 2047 1850 2077 simul
1876 2047 2087 2087 agitantem,
2122 2052 2177 2086 et,
2200 2046 2238 2075 ut
2258 2045 2308 2077 ita
2331 2044 2464 2086 dicam,
2491 2051 2604 2076 SATA·

1518 2100 1649 2125 oscam.
1693 2093 1748 2123 En
1781 2092 1842 2124 tibi
1863 2101 1988 2123 novam
2015 2101 2132 2124 vocem
2157 2091 2253 2123 caelo
2277 2090 2399 2122 Latino
2423 2090 2603 2123 donatam:

1519 2149 1618 2179 quam
1640 2139 1895 2170 introducturus
1920 2138 2040 2171 Cicero
2065 2137 2276 2178 praefatione
2299 2146 2336 2169 se
2355 2137 2476 2169 munit.
2523 2137 2604 2169 Sat·

1519 2195 1618 2228 agax
1653 2188 1705 2217 est
1730 2185 1887 2224 quicquid
1916 2186 2022 2217 multo
2049 2185 2225 2222 discursu,
2268 2186 2303 2215 et
2331 2184 2528 2226 anxietate,
2567 2183 2603 2215 et

1519 2241 1636 2264 omnes
1660 2232 1813 2271 strophas
1838 2232 1997 2274 vertens,
2032 2231 2159 2271 aliquid
2181 2229 2270 2271 agit:
2311 2231 2485 2271 eleganter
2508 2230 2544 2261 et
2565 2237 2604 2261 a·

1517 2278 1672 2319 nalogice
1708 2280 1853 2311 formata
1887 2287 1974 2309 vox:
2011 2281 2051 2310 ut
2082 2278 2171 2309 enim
2208 2286 2229 2308 a
2261 2285 2409 2316 sperno,
2442 2278 2525 2316 nis,
2565 2275 2602 2306 st

1518 2335 1700 2367 spernax,
1734 2334 1755 2356 a
1779 2330 1916 2366 sterno,
1950 2326 2028 2366 m’s,
2053 2329 2227 2364 sternax,
2256 2324 2297 2355 ab
2320 2333 2413 2364 emo,
2434 2329 2559 2362 emax,
2579 2329 2601 2352 a

1518 2374 1640 2413 venem,
1661 2372 1824 2409 vendas,
1856 2380 1877 2402 a
1902 2375 1995 2411 tago,
2025 2371 2176 2412 (antique
2200 2378 2262 2409 pro
2284 2370 2410 2410 tango)
2432 2372 2558 2408 tagaae,
2578 2374 2602 2398 a

1510 2420 1630 2462 fallo,
1644 2419 1794 2462 fallax,
1822 2419 1856 2448 et
1880 2417 2022 2455 similia3
2047 2416 2096 2448 ita
2120 2427 2141 2449 a
2164 2420 2308 2457 satago,
2341 2417 2412 2455 gs's,
2434 2417 2601 2455 satagax.

1517 2467 1627 2496 Notus
1649 2466 1709 2496 ille
1735 2462 1874 2495 Domitii
1897 2463 1969 2494 Afri
1992 2462 2027 2493 in
2062 2463 2126 2495 hac
2158 2470 2244 2495 voce
2272 2460 2397 2502 jocus,
2422 2467 2521 2499 quem
2546 2467 2604 2490 re-

1517 2512 1585 2543 fert
1618 2510 1847 2547 Quintilianus
1883 2509 1993 2541 lnstit.
2031 2511 2098 2551 Vl,
2131 2509 2163 2540 3.
2218 2506 2310 2549 Afer
2345 2507 2433 2537 enim
2459 2509 2603 2537 venuste

1521 2558 1694 2589 Manlium
1729 2557 1883 2592 Suram,
1923 2555 2065 2587 multum
2100 2556 2139 2586 in
2176 2553 2307 2594 agendo
2334 2553 2604 2588 discursantem,

1519 2605 1725 2640 salientem,
1767 2610 1892 2634 manus
1920 2601 2140 2641 jactantem,
2181 2604 2297 2640 togam
2324 2598 2541 2637 dejicientem
2569 2601 2607 2628 et

1517 2655 1760 2689 reponentem,
1810 2657 1882 2679 non
1915 2653 2035 2678 AGERE
2067 2647 2184 2687 dia-it,
2225 2645 2285 2675 sed
2317 2651 2516 2677 sss-sosas.
2548 2647 2607 2676 est

1518 2698 1608 2726 enim
1641 2697 1770 2727 dicerem
1789 2702 1857 2734 per
1877 2702 1915 2724 se
1947 2693 2138 2732 urbanum,
2187 2698 2398 2729 SATAGERE,
2434 2691 2540 2722 etiam
2572 2689 2610 2722 sl

1521 2742 1621 2772 nulla
1651 2742 1765 2774 subsit
1784 2741 1935 2771 alterius
1958 2740 2060 2770 verbi
2081 2737 2281 2770 similitudo.
2327 2736 2501 2769 Ciceronis
2526 2744 2606 2768 sen-

1521 2797 1594 2818 sum
1630 2787 1664 2818 in
1694 2795 1784 2818 nova
1817 2786 1880 2817 hac
1913 2794 1998 2816 voce
2035 2784 2119 2815 nihil
2148 2783 2268 2814 melius
2301 2783 2476 2824 explicare
2496 2780 2606 2823 potuit

1521 2843 1618 2873 quam
1643 2834 1707 2865 iste
1732 2831 1932 2869 Quintiliani
1958 2832 2065 2863 locus.
2114 2830 2280 2870 [Tandem
2307 2829 2345 2861 in
2369 2829 2605 2869 conjecturam

1518 2879 1642 2919 incidi,
1685 2889 1784 2920 quam
1811 2888 1874 2919 pro
1903 2887 2005 2910 manu
2030 2877 2128 2910 Statii
2152 2886 2262 2917 paene
2286 2875 2394 2908 ausim
2418 2874 2604 2909 venditare.

1518 2927 1570 2958 Ea
1597 2927 1668 2958 est:

1965 2969 2062 3011 ngl
2079 2971 2178 3010 ipse,
2204 2970 2386 3012 animoque
2410 2967 2538 3010 sagace·

1610 3015 1787 3060 taz-citus,
1812 3016 1941 3050 evolvis
1969 3020 2139 3058 quantum
2164 3016 2228 3048 etc.

1518 3063 1656 3104 vulgata
1677 3066 1739 3106 est,

1965 3107 2062 3149 Vigil
2083 3110 2151 3140 iste
2173 3108 2348 3148 animique
2370 3104 2514 3146 sagaces

1610 3154 1747 3190 Exitus
1772 3155 1902 3187 evolvit
1916 3159 2086 3196 quantum
2116 3155 2180 3184 etc.

1521 3209 1606 3240 quae
1639 3205 1691 3233 est
1726 3201 1918 3232 Pmmensis
1953 3199 2068 3231 lectio.
2129 3199 2179 3230 Tu
2204 3196 2358 3227 Etrusco
2380 3193 2506 3236 (inquit
2525 3194 2603 3227 Ste-

1518 3248 1606 3287 tius3
1652 3256 1769 3280 senem
1805 3247 1894 3278 enim
1931 3245 2116 3285 alloquitur
2151 3245 2186 3275 et
2208 3250 2310 3282 supra
2334 3241 2369 3273 et
2391 3239 2493 3285 infra)
2516 3239 2608 3282 ve'gil
