2892 3840
388 391 488 442 140
1081 401 1971 438 P.PAP1N11·STAT11

387 514 566 574 Felix,
601 516 686 580 qui
716 516 870 566 viridi
905 513 1063 561 fidens
1101 518 1374 576 coeptaque
1403 514 1619 574 juventa

388 604 609 655 Dux-abis
645 619 960 668 quascunque
995 603 1153 660 vices3
1188 601 1476 665 vallumque
1510 601 1701 649 subibis

387 694 586 751 Forsan
618 701 670 740 et
702 708 821 740 ense
856 692 986 739 latus
1023 691 1089 752 (si
1120 691 1330 738 numina
1363 692 1601 755 principis
1637 690 1821 755 adsint)

392 782 623 840 Cinctus,
660 789 711 829 et
744 781 971 828 unanimi
1004 795 1170 827 comes
1201 780 1488 827 indefessus
1528 781 1699 839 amici3

392 871 502 930 Quo
535 870 749 931 Pylades
779 884 849 916 ex
878 884 1020 916 more
1055 871 1196 934 pius,
1232 884 1329 932 quo
1364 868 1606 916 Dardana
1640 870 1795 930 gessit

392 960 528 1007 Bella
562 958 920 1007 Menoetiades.
991 960 1173 1023 quippe
1209 958 1332 1005 haec
1368 958 1632 1006 concordia
1660 959 1824 1017 vobis,

390 1047 485 1096 Hic
523 1062 665 1094 amor
699 1050 813 1108 {est,
862 1047 1105 1112 duretque
1148 1051 1348 1110 precor!
1395 1063 1488 1095 nos
1525 1048 1702 1095 fortior
1732 1056 1872 1096 aetas

389 1136 502 1185 Jam
539 1135 689 1198 fugit3
725 1136 840 1184 hinc
873 1139 1007 1186 votis
1044 1139 1268 1185 animum
1299 1137 1626 1201 precibusque
1648 1137 1853 1199 juvabo.

390 1224 489 1273 Hei
524 1225 675 1284 mihi,
712 1226 803 1274 sed
838 1234 1008 1274 coetus
1040 1227 1214 1274 solitos
1252 1228 1296 1273 si
1332 1227 1462 1273 forte
1499 1228 1656 1284 ciebo,

390 1314 459 1362 Et
492 1329 608 1362 mea
640 1316 873 1364 Romulei
908 1317 1117 1366 venient
1146 1315 1212 1363 ad
1241 1317 1464 1363 carmina
1495 1324 1682 1380 patres,

392 1403 472 1451 Tu
501 1404 691 1464 deeris,
727 1403 982 1470 Crispine,
1017 1406 1166 1464 mihi3
1199 1420 1481 1470 cuneosque
1516 1421 1607 1469 per
1643 1420 1816 1453 omnes

392 1492 467 1541 Te
502 1508 645 1541 meus
682 1494 942 1541 absentem
973 1495 1406 1558 circumspectabit
1439 1494 1673 1542 Achilles
1743 1543 1746 1546 ,

396 1582 497 1630 Sed
530 1584 706 1631 venies
741 1584 943 1643 melior3
982 1586 1179 1645 (vatum
1209 1599 1311 1631 non
1340 1586 1484 1632 irrita
1521 1593 1724 1632 currunt

396 1671 599 1733 Omina)
632 1673 812 1735 quique
850 1674 1039 1735 aquilas
1077 1674 1169 1720 tibi
1198 1687 1355 1730 nunc,
1392 1681 1443 1719 et
1470 1682 1632 1721 castra
1667 1674 1893 1731 recludit,

395 1761 535 1809 Idem
561 1777 735 1808 omnes
768 1762 991 1825 perferre
1020 1762 1228 1823 gradus,
1265 1764 1493 1826 cingique
1527 1764 1755 1826 superbis

396 1848 664 1908 Fascibus,
698 1858 749 1896 et
782 1852 971 1914 patrias
1007 1850 1149 1897 dabit
1177 1851 1426 1898 insedisse
1464 1853 1671 1900 curules.

395 1939 499 1987 Sed
534 1941 643 2003 quis
674 1939 736 1986 ab
770 1939 985 1986 excelsis
1016 1939 1262 2001 Trojanae
1293 1941 1499 1988 collibus
1533 1940 1710 2001 Albae,

396 2025 562 2089 (Unde
599 2042 719 2075 suae
746 2029 900 2090 Juxta
934 2035 1222 2092 prospectat
1255 2031 1457 2077 moenia
1485 2030 1674 2078 Romae

397 2116 666 2163 Proximus
699 2116 783 2162 ille
817 2116 978 2176 Deus)
1013 2116 1174 2164 Fama
1206 2119 1428 2166 velocior
1459 2121 1618 2167 intrat

399 2205 643 2263 Nuntius,
679 2212 826 2269 atque
864 2214 976 2252 tuos
1012 2206 1215 2270 implet,
1250 2206 1504 2271 Crispine,
1534 2208 1776 2272 penates?

399 2294 644 2342 Dicebam
679 2302 836 2353 certe,
866 2294 1050 2342 Vatum
1085 2310 1188 2342 non
1220 2298 1365 2344 irrita
1396 2306 1600 2345 currunt

399 2383 637 2445 Auguria.
708 2386 795 2431 en!
826 2385 1003 2446 ingens
1038 2393 1231 2432 reserat
1264 2386 1355 2432 tibi
1385 2387 1542 2435 limen
1569 2389 1818 2435 honorum

402 2471 617 2532 Caesar,
652 2480 704 2520 et
736 2472 950 2521 Ausonii
985 2476 1255 2522 committit
1287 2478 1462 2525 munia
1494 2477 1628 2525 ferri.

402 2560 567 2620 Vade,
602 2578 755 2628 puer,
792 2565 1042 2628 tantisque
1072 2566 1256 2612 enixus
1293 2565 1458 2612 suffice
1495 2566 1654 2614 donis.

403 2647 581 2708 Felix,
610 2653 697 2715 qui
722 2667 903 2713 magno
924 2654 1034 2714 jam
1068 2668 1200 2700 nunc
1234 2654 1325 2700 sub
1362 2654 1593 2718 praeside
1622 2655 1780 2716 Juras,

404 2736 596 2802 Cuique
632 2755 770 2788 sacer
798 2743 1018 2804 primum
1049 2742 1204 2789 tradit
1239 2742 1564 2790 Germanicus
1597 2745 1794 2790 ensem!

405 2826 520 2875 Non
554 2830 721 2876 minus
756 2829 850 2877 hoc
884 2831 1057 2889 fortis,
1096 2846 1246 2894 quam
1278 2833 1321 2878 si
1350 2832 1443 2879 tibi
1477 2831 1723 2896 panderet
1753 2832 1862 2896 ipse

405 2916 710 2982 Bellipotens
747 2919 962 2983 aquilas,
996 2927 1237 2984 torvaque
1271 2921 1531 2968 induceret
1565 2936 1655 2969 ora

407 3002 630 3055 Casside.
699 3008 832 3058 vade
868 3009 1053 3068 alacer,
1088 3010 1376 3074 majoraque
1409 3011 1544 3059 disce
1579 3012 1775 3060 mereri.

413 3095 592 3106 -Q-Qw
607 3103 696 3110 q

2543 789 2636 833 155

2550 1227 2647 1273 160

2552 1673 2646 1717 165

2554 2124 2652 2170 170

2553 2574 2648 2619 175

2553 3018 2651 3064 180

499 3146 540 3176 V.
570 3148 646 3178 152.
685 3149 785 3189 Vulg.
819 3155 973 3181 orm-ra.
1033 3151 1111 3182 153.
1150 3157 1243 3183 vus.
1302 3151 1380 3184 154.
1415 3157 1516 3194 msa,
1548 3151 1605 3195 et,
1630 3158 1699 3184 sle.
1759 3154 1837 3185 159.
1870 3153 1992 3195 Forte,
2025 3151 2113 3185 votis
2143 3158 2303 3185 nurum.
2361 3153 2438 3184 160.
2475 3158 2643 3201 quse-rus.

414 3202 494 3234 166.
518 3209 727 3242 ciuemque,
776 3209 853 3240 179.
877 3214 1081 3244 Τοιιτᾼαυε.
