2892 3840
382 423 483 471 226

387 558 446 580 seu
485 548 611 580 intrare
645 549 679 579 et
714 547 826 578 subire
866 547 934 577 sibi
967 547 1060 585 ipsi,
1105 550 1163 574 seu
1189 543 1306 573 mont-t.
1354 539 1470 572 Voluit

387 595 514 627 Statius
549 594 660 625 dicere
693 594 775 625 llius
813 591 1008 629 simpliciter
1043 589 1130 626 (sine
1166 587 1384 619 distinctione
1407 587 1471 618 mi-

387 641 477 672 nime
512 639 703 671 necessaria
733 639 857 669 sumna·
889 638 922 666 et
948 635 1024 674 imi)
1053 637 1170 666 subire
1195 639 1351 666 montem.
1399 635 1471 665 No-

387 687 450 718 luit
486 696 569 717 vero
602 687 686 716 hanc
722 692 837 714 vocem
870 682 958 714 litus
1007 681 1154 719 epitheto
1202 681 1324 712 nudam
1364 679 1469 711 relin-

389 742 513 772 quere:
543 731 685 770 scripsit,

690 774 860 812 montae'que
887 773 1079 802 intervenit
1101 779 1202 803 UDUM

478 820 603 851 Ia‘tus:

387 868 431 898 Et
463 868 524 897 hoc
550 873 618 895 non
644 862 816 900 inelegans
841 862 891 892 est
917 861 951 891 et
976 870 1063 900 pene
1089 861 1338 892 necessarium:
1385 860 1468 891 affe-

390 913 457 943 ctat
494 911 579 941 enim
611 908 818 946 antitheton,
875 908 1078 946 opponendo
1114 913 1258 939 montem
1307 909 1342 938 et
1379 907 1467 937 litus

389 960 516 996 udum;
551 956 584 986 et
604 956 696 985 recte
720 954 812 984 addit
836 955 950 993 udum,
977 956 1015 985 ut
1037 954 1192 984 ostendat
1213 953 1358 992 spatium
1379 951 1466 982 istud

388 1004 475 1042 quod
511 1003 630 1031 fluctus
668 1000 770 1030 maris
808 1000 975 1030 interdum
998 1001 1182 1037 occupant:
1232 1009 1305 1030 cum
1332 1007 1401 1029 vox
1428 999 1470 1029 li-

387 1055 444 1080 tus
471 1047 651 1085 aliquando
678 1046 843 1085 significet
864 1046 972 1077 solum
999 1046 1087 1084 quod
1115 1048 1268 1076 vicinum
1290 1046 1384 1075 mari
1405 1045 1467 1084 est,

386 1104 452 1125 non
477 1095 604 1124 tantum
631 1092 719 1130 quod
742 1102 762 1123 a
788 1092 941 1122 fluctibus
963 1091 1119 1123 alluitur:
1146 1091 1222 1122 vide
1242 1090 1360 1130 Virgil.
1387 1092 1470 1121 Aen.

386 1143 450 1179 IV,
478 1141 559 1171 212.
584 1140 617 1168 et
642 1138 809 1179 Servium,
830 1139 863 1168 et
887 1138 1062 1169 Horatium
1090 1141 1199 1170 Carm.
1220 1140 1280 1177 Ill,
1300 1138 1332 1168 4.
1355 1144 1470 1168 Annis-

385 1195 451 1218 TEs
475 1194 604 1217 arenas
632 1185 782 1215 eroms
806 1184 975 1224 Assyrii.-
1002 1195 1075 1215 cum
1099 1187 1211 1215 tamen
1238 1183 1374 1223 Assyria
1402 1193 1470 1214 non

387 1235 430 1264 sit
456 1232 550 1271 regio
586 1233 777 1263 maritima.
817 1230 894 1262 vide
921 1231 1106 1261 Bentleium
1137 1231 1176 1261 ad
1207 1231 1327 1261 locum.
1352 1229 1469 1270 virgil.

385 1282 468 1311 Aen.
495 1279 557 1312 111,
591 1278 665 1309 135.

479 1325 627 1364 Jamque
646 1324 730 1366 fere
762 1322 853 1353 sicco
880 1323 1071 1354 subductae
1094 1321 1192 1352 litore
1217 1330 1339 1352 naves.

387 1373 475 1402 Bene
508 1370 609 1410 igitur
645 1369 723 1400 litus
748 1377 869 1399 noun:
911 1370 944 1399 et
971 1369 1033 1399 hoc
1059 1370 1258 1408 perpetuum
1285 1369 1336 1398 est
1364 1365 1473 1397 litoris

387 1419 521 1449 marini
547 1415 729 1454 epitheton.
777 1416 903 1446 Noster
926 1414 1008 1446 Silv.
1037 1417 1102 1455 111,
1132 1418 1160 1445 l.

478 1462 584 1493 Forte
612 1463 698 1493 diem
729 1460 871 1492 Triviae
897 1462 975 1492 dum
998 1461 1098 1492 litore
1125 1462 1280 1491 ducimus
1307 1465 1391 1490 Uno.

387 1508 528 1540 Ovidius
554 1509 634 1538 Met.
662 1508 761 1545 VIII,
799 1509 873 1538 175.

664 1554 886 1593 comitemque
911 1561 1010 1582 suam
1038 1551 1192 1582 crudelis
1221 1553 1257 1581 z'n
1285 1556 1358 1580 uno

479 1599 594 1630 Litore
617 1599 791 1630 deseruit.-
1034 1623 1036 1625 .

390 1645 437 1675 ita
465 1655 508 1676 ex
533 1644 655 1675 Codice
688 1643 846 1674 Leidensi
872 1641 1019 1673 restituit
1042 1641 1201 1672 Heinsius
1224 1650 1286 1680 pro
1310 1646 1389 1671 ILLO
1417 1637 1475 1669 Li-

390 1697 476 1723 tore.
523 1690 684 1722 Horatius
717 1692 826 1720 Carm.
851 1691 887 1729 1,
912 1689 966 1718 32.

669 1739 744 1767 sive
759 1736 940 1775 jactatam
967 1734 1142 1774 religarat
1165 1739 1237 1763 coo

893 1780 1009 1810 Litore
1035 1781 1163 1810 navim.

390 1826 611 1858 Nemesianus
631 1827 748 1866 Eclog.
775 1829 827 1866 11,
854 1829 910 1857 21.

482 1873 529 1903 Et
553 1882 640 1912 quae
664 1882 853 1903 marmoreo
872 1872 959 1911 pede
984 1871 1116 1901 Nai'des
1144 1876 1218 1899 ΗΒΑ
1243 1870 1404 1898 secantes

480 1918 615 1958 Litora,
634 1927 831 1957 purpureos
857 1918 954 1949 alitis
978 1925 1044 1956 per
1067 1916 1231 1956 gramina
1250 1912 1375 1952 flores.

390 1962 592 1994 Prudentius
637 1965 782 1995 Praefat.
821 1963 877 1995 lib.
913 1966 949 2004 1,
993 1965 1111 1993 contra
1146 1959 1398 2000 Symmachum,
1443 1966 1474 1988 v.

482 2055 711 2096 E.rpom'tque
737 2055 809 2086 solo
834 2048 946 2085 litoris
972 2061 1073 2085 Avrm

487 2104 694 2132 Contractus
723 2103 846 2140 pluvio
862 2102 1005 2143 frigore
1031 2100 1186 2139 remr'ges.

391 2146 520 2178 Passim
557 2149 712 2186 exempla
743 2147 906 2178 invenies.
965 2148 1050 2177 Hae·
1070 2154 1154 2176 vero
1189 2153 1289 2175 voces
1323 2152 1417 2176 usus
1442 2147 1477 2177 et

394 2200 488 2224 unus
521 2202 621 2232 saepe
656 2193 799 2224 invicem
838 2194 1095 2223 commutantur.
1129 2191 1176 2221 ita
1213 2191 1267 2221 via
1289 2191 1412 2222 Domit.
1440 2200 1473 2222 v.

394 2239 450 2269 27.
483 2249 543 2278 pro
568 2250 639 2270 a.z·e
661 2245 779 2271 vectus
807 2247 898 2279 nso,
945 2238 1105 2269 Heinsius
1130 2237 1280 2267 restitnit
1306 2246 1397 2268 uno:
1442 2239 1476 2267 et

394 2292 468 2314 uno
500 2287 641 2327 frigore
680 2295 741 2325 pro
773 2293 843 2316 uxo
878 2285 973 2316 Ovid.
1008 2284 1178 2315 Ponticor.
1214 2285 1266 2324 11,
1302 2285 1334 2314 9.
1392 2284 1475 2314 Vide

396 2339 470 2360 eum
497 2332 537 2361 ad
567 2333 640 2363 Val.
666 2334 823 2363 Flaccum
848 2333 930 2371 Vll,
958 2332 1037 2362 229.
1063 2331 1111 2362 sie
1139 2330 1259 2361 Pleias
1293 2338 1367 2361 ΗΒΑ
1394 2330 1476 2361 0νί-

396 2376 450 2408 dio
487 2379 680 2409 restitutum
717 2379 789 2409 rult
813 2377 985 2409 Bentleius
1014 2377 1056 2408 ad
1081 2378 1197 2407 Horat.
1223 2378 1333 2407 carm.
1359 2379 1395 2418 1,
1421 2379 1475 2408 10.

395 2423 453 2454 ubi
476 2424 575 2463 vulgo
600 2424 722 2464 legitur
749 2433 833 2455 UNA.

440 2478 472 2500 v.
499 2472 551 2501 16.
608 2471 659 2502 Et
686 2479 722 2502 lu
746 2476 892 2503 TERRAS
927 2468 1079 2508 scopulis
1107 2468 1337 2506 pendentibus
1373 2469 1476 2507 exit]

396 2515 605 2556 Gronovius,
659 2517 736 2549 loco
781 2517 909 2555 citato,
950 2515 998 2546 ait
1035 2514 1121 2545 hanc
1155 2523 1229 2545 esse
1267 2513 1477 2545 verissimam

395 2562 493 2593 Statii
517 2563 726 2602 scripturam.
774 2564 818 2593 Et
852 2561 933 2592 ferri
961 2561 1047 2592 forte
1073 2562 1205 2599 potest:
1249 2560 1477 2599 suspicionem

396 2611 512 2639 tamen
552 2609 663 2639 mendi
698 2609 818 2640 incutit
853 2616 971 2639 versus
1001 2607 1122 2638 abhinc
1152 2607 1339 2647 secundus,
1386 2612 1422 2637 et
1454 2613 1475 2636 Ε

395 2662 528 2685 TERRIS
571 2659 723 2688 occurrit
765 2656 875 2686 dulcis
919 2662 1041 2684 amaro
1077 2653 1236 2692 Nympha
1271 2653 1373 2683 mari.
1433 2653 1478 2682 Et

396 2709 513 2731 sensus
546 2701 639 2731 aliud
664 2701 740 2739 quid
769 2701 940 2740 postulare
965 2699 1108 2729 videtur.
1132 2698 1190 2728 vix
1218 2697 1306 2728 enim
1330 2697 1395 2728 dici
1417 2707 1479 2737 po-

394 2747 461 2777 tuit
488 2746 570 2777 litus
604 2747 699 2777 exire
735 2749 770 2778 in
803 2752 942 2784 terras,
965 2754 1038 2775 cum
1074 2745 1165 2775 inter
1192 2745 1303 2774 terras
1333 2745 1368 2774 et
1395 2744 1476 2774 litus

396 2794 535 2832 scopula·
563 2792 751 2824 intermedii
782 2794 916 2828 essent3
940 2789 1114 2829 distinguit
1137 2789 1225 2820 enim
1245 2789 1371 2821 Statius
1390 2790 1475 2821 litus

396 2849 416 2870 a
438 2842 574 2878 terris;
601 2849 662 2878 per
682 2839 770 2869 istud
788 2840 888 2869 udum
910 2837 1029 2877 solum,
1052 2846 1112 2875 per
1131 2836 1202 2876 has,
1228 2837 1356 2866 siecum
1379 2835 1478 2867 intel-

394 2886 512 2925 ligens.
554 2885 671 2916 Voluit
700 2887 801 2924 poeta
830 2884 941 2914 dicere
958 2883 1041 2913 litus
1062 2884 1275 2913 intervenire
1293 2885 1420 2923 monti,
1443 2887 1476 2914 et

396 2939 546 2964 Loxems
559 2933 669 2971 exire,
697 2931 847 2971 scopulis
866 2930 1152 2968 impendentibus.
1177 2928 1331 2966 Scripsit,
1355 2929 1476 2970 credo,

486 2977 535 3008 Et
559 2985 757 3017 nure-nius,
783 2977 935 3016 scopulis
960 2976 1210 3015 pendentibus,
1241 2977 1339 3005 exit:

396 3022 532 3064 longius
573 3034 764 3055 excurrere
805 3023 934 3054 diceret
969 3021 1107 3062 Cicero,
1150 3022 1188 3051 ut
1223 3020 1264 3051 de
1297 3021 1388 3052 Orat.
1415 3021 1477 3060 111,

395 3068 452 3097 49.
499 3071 628 3101 Seneca
653 3072 731 3101 Nat.
761 3070 897 3106 Quaest.
923 3069 993 3107 111,
1019 3069 1076 3100 28.
1122 3067 1261 3098 Deinde
1287 3068 1350 3098 ubi
1370 3073 1476 3098 urus

398 3113 451 3143 bis
479 3118 596 3156 terque
621 3123 815 3148 Pnom'rmu
839 3120 913 3153 est,
959 3119 992 3145 et
1011 3114 1158 3155 pelagus
1186 3116 1224 3144 in
1249 3114 1365 3145 alieno
1393 3123 1476 3144 con-

398 3160 499 3188 stitit.
545 3161 676 3199 Optime
702 3162 850 3201 explicat
870 3161 992 3193 Festus
1017 3159 1167 3191 Avienus
1193 3161 1309 3193 Descr.
1338 3160 1417 3191 Orb.
1441 3167 1473 3190 v.

397 3204 477 3234 685.

491 3245 600 3280 Laeta
622 3251 741 3282 dehine
764 3251 903 3282 Aradus
930 3250 1137 3281 Phoenicum
1153 3251 1338 3291 praejacet
1355 3259 1476 3282 oram:

1251 414 1436 463 NOTAE
1472 426 1541 462 AD
1574 414 1679 462 Lm.
1714 414 1769 463 Π.
1809 416 1855 462 2.

2523 434 2620 485 yso

1629 541 1658 585 3]
1662 541 1794 574 Multus
1819 542 1877 572 ubi
1899 549 2030 573 exesae
2051 545 2147 574 sinus
2173 549 2228 576 est
2250 546 2388 577 telluris
2413 546 2457 577 ab
2478 546 2562 583 ιη’),

1630 588 1682 619 Ac
1703 590 1798 620 latus
1823 598 1921 619 omne
1948 589 2018 619 soli
2040 589 2160 627 procul
2185 589 2218 620 in
2245 591 2420 630 dispendia
2440 592 2530 624 cedit

1630 634 1776 675 Litoris,
1802 639 1834 665 et
1862 643 1969 665 curvo
1990 636 2250 674 praelambitur
2275 646 2341 668 ora
2357 636 2504 678 fluento.

1540 691 1591 721 Ita
1625 691 1731 723 litora
1763 694 1801 723 in
1828 696 1968 730 portum
2002 692 2217 730 recedentia,
2263 693 2394 725 Seneca
2418 695 2553 726 Consol-
2578 694 2621 726 ad

1539 737 1721 778 Marciam,
1762 747 1790 768 c.
1827 737 1947 768 XVlll.
1986 738 2120 775 quando
2152 746 2275 776 nempe
2308 740 2420 771 aestus
2452 743 2486 771 et
2513 749 2619 780 aquae

1540 783 1691 814 marinae
1723 783 1856 823 longius
1895 783 2106 824 evehuntur,
2149 786 2183 814 et
2206 783 2370 815 recedunt
2391 786 2513 817 terrae.
2558 787 2621 817 Pa-

1536 838 1610 859 rum
1646 838 1728 860 vero
1765 829 1976 860 differentiae
2010 829 2098 860 inter
2140 829 2341 868 scripturam
2372 828 2437 863 τοῦ
2473 832 2620 864 ulterius

1539 877 1572 905 et
1601 877 1773 906 interras.
1821 875 1917 906 Ex'lT
1941 875 2047 912 litus,
2074 877 2111 906 ut
2135 876 2237 906 Theb.
2262 877 2317 906 Vl.
2343 877 2422 907 250.

2080 921 2228 960 hispida
2256 924 2388 953 circum

1630 964 1738 996 Stant
1754 965 1865 1006 juga,
1892 970 1929 997 et
1951 965 2103 1004 objectus
2122 969 2270 1009 geminis
2292 967 2494 999 umbonibus
2515 974 2620 1007 agger

1629 1013 1795 1052 Campum
1819 1019 1929 1043 Exime
1955 1018 2063 1043 vetat.
2295 1025 2298 1028 ·

1543 1068 1703 1108 scopulis
1725 1069 1958 1108 pendentibus
1989 1071 2042 1100 est
2067 1078 2112 1100 ex
2135 1069 2275 1110 Virgilio
2299 1071 2384 1101 Aen.
2407 1071 2423 1100 1
2438 1090 2448 1110 ,
2476 1070 2552 1100 170.
2591 1077 2610 1087 ’

1631 1115 1763 1145 Fronte
1789 1116 1852 1146 sub
1871 1117 2024 1146 adversa
2048 1116 2198 1156 scopulis
2225 1116 2447 1156 pendentibus
2469 1118 2622 1146 antrum.

1540 1161 1731 1192 Parmensis
1755 1161 1854 1192 hahet
1884 1164 1922 1193 in
1952 1163 2070 1193 terris.

1586 1226 1617 1247 v.
1651 1219 1699 1249 19.
1979 1219 2116 1260 udaque
2138 1221 2256 1260 ‚crines

1633 1264 1838 1303 Cymodoce]
1870 1264 1964 1294 naec
1998 1267 2050 1295 est
2088 1266 2264 1303 praeclara
2298 1265 2357 1295 illa
2381 1263 2622 1296 concionatrix

1540 1310 1749 1350 Virgiliana,
1786 1311 1900 1351 fandi
1933 1310 2145 1351 doctissima,
2181 1313 2219 1341 ut
2252 1311 2312 1342 llle
2339 1309 2386 1341 ait
2411 1310 2550 1341 Aeneid.
2577 1310 2622 1350 X,

1540 1359 1619 1388 225.
1661 1356 1718 1386 uhi
1755 1355 1906 1394 loquitur
1940 1356 1981 1387 de
2005 1356 2164 1397 Nymphis
2191 1366 2276 1396 qnae
2300 1365 2319 1387 e
2346 1356 2488 1387 navibus
2512 1357 2622 1388 factae

1640 1412 1659 1432 n
1687 1411 1694 1432 :

1540 1404 1810 1487 fuefflQicarum,
1835 1456 1923 1486 quae
1948 1454 2057 1478 mum
2081 1447 2282 1480 doctissima
2304 1447 2515 1487 Cymodocea

1632 1495 1726 1524 Pone
1770 1502 1917 1533 sequens
1959 1495 2091 1524 dextra
2122 1496 2265 1535 puppim
2298 1498 2414 1531 tenet,
2475 1496 2622 1534 ipsaque

1761 1540 1864 1569 dorso

1633 1585 1793 1625 Eminet,
1817 1595 1861 1615 ac·
1886 1584 1991 1615 laeva
2013 1587 2141 1616 tacitis
2167 1587 2380 1627 subremigat
2406 1586 2517 1616 undis.

1544 1642 1609 1674 Sed
1634 1651 1716 1681 pace
1740 1644 1818 1682 tua,
1842 1651 1964 1681 magna
1987 1643 2060 1672 Dea
2085 1643 2293 1683 Cymodoce,
2318 1644 2352 1673 et
2372 1642 2436 1673 nisi
2462 1642 2622 1673 molestus

1544 1689 1627 1728 sim,
1670 1688 1816 1719 libenter
1843 1698 1864 1719 a
1891 1691 1923 1718 te
1950 1698 2146 1726 quaererem
2173 1689 2235 1730 (ita
2258 1692 2370 1720 tamen
2395 1690 2431 1719 ut
2455 1697 2498 1718 ne
2519 1687 2624 1718 Mari-

1544 1744 1622 1766 nam
1656 1735 1747 1765 tuam
1782 1735 2018 1773 Eloquentiam
2052 1734 2086 1765 in
2123 1745 2175 1765 me
2198 1736 2330 1776 acuam)
2355 1734 2434 1774 quid
2459 1733 2519 1765 tibi
2548 1743 2623 1765 cnm

1545 1781 1687 1813 FAnnol
1728 1790 1771 1810 an
1793 1782 1829 1810 ut
1863 1780 1899 1810 in
1928 1781 2157 1812 Cone-ionibus
2188 1781 2402 1822 squammea
2429 1779 2624 1818 domineris,

1547 1830 1581 1860 et
1613 1825 1760 1866 piscibus
1789 1825 1958 1856 silentium
1995 1826 2146 1868 indicas,
2189 1828 2369 1866 phocarum
2406 1827 2623 1868 cymbalum!

1546 1873 1613 1907 Sed
1639 1872 1748 1902 serio:
1773 1872 1907 1911 scripsit
1934 1872 2117 1912 Virgilius,

1635 1919 1815 1959 Quarum,
1841 1927 1931 1959 quae
1951 1926 2064 1950 NANDI
2092 1920 2301 1950 doctissima
2326 1918 2544 1958 Cymodocea.

1543 1969 1620 1998 Jam
1653 1965 1749 1995 vides
1786 1974 1890 2004 quare
1916 1965 2046 1996 dextra
2070 1967 2217 2004 puppim
2241 1969 2335 1996 tenet
2359 1967 2393 1995 et
2414 1964 2517 1994 dorso
2544 1966 2625 1995 emt·-

1542 2017 1623 2048 net,
1649 2015 1684 2041 et
1707 2012 1811 2042 laeva
1834 2011 1935 2042 undis
1964 2012 2204 2053 subremigat:
2234 2010 2365 2041 scilieet
2387 2017 2536 2041 Pssm'rlA
2559 2017 2626 2041 NA·-

1542 2064 1676 2091 TAN‘rls
1709 2058 1924 2095 ostenditur,
1955 2060 1992 2088 ut
2017 2057 2065 2089 ait
2095 2057 2246 2090 Servius.
2271 2057 2360 2088 unde
2388 2058 2502 2097 patet,
2529 2055 2622 2087 illum

1544 2112 1676 2145 quoque
1711 2103 1758 2134 ita
1790 2103 1923 2143 legisse.
1952 2103 2112 2135 Suaviter
2133 2103 2169 2135 in
2195 2103 2281 2134 hanc
2303 2112 2376 2134 rem
2400 2102 2461 2135 Sil.
2486 2102 2624 2134 Italicus

1605 2175 1614 2195 ²
1633 2196 1711 2226 Non
1743 2194 1872 2231 aliter,
1899 2196 2031 2234 quoties
2053 2195 2251 2235 perlabitur
2276 2204 2430 2237 aequora
2452 2203 2559 2226 curru

1634 2241 1909 2281 Extremumque
1929 2244 2043 2280 petit,
2066 2242 2222 2273 Phoebea
2245 2243 2398 2279 cubilia,
2425 2240 2556 2280 Tethyn

1632 2287 1802 2318 Frenatis
1829 2287 2012 2326 Neptunus
2037 2290 2151 2329 equis,
2177 2287 2266 2328 fluit
2286 2289 2396 2319 omnis
2424 2287 2468 2318 ab
2505 2287 2622 2318 antris

1634 2333 1817 2365 Nereidum
1842 2333 1994 2373 choru85
2015 2339 2068 2371 et,
2094 2339 2212 2374 spreto
2240 2336 2432 2366 certamine
2455 2339 2577 2372 luunt,

1637 2381 1794 2411 Candida
1813 2383 2003 2420 perspicuo
2028 2385 2238 2412 connectunt
2258 2379 2406 2411 brachia
2423 2383 2554 2418 ponto.-

1543 2428 1595 2457 Ita
1622 2426 1800 2465 legendum
1825 2428 1929 2465 puto;
1953 2427 2068 2468 vulgo,
2093 2431 2213 2458 sueto.-
2240 2426 2328 2465 quod
2346 2424 2526 2456 absurdum
2552 2424 2620 2456 est:

1545 2472 1573 2503 si
1609 2473 1695 2503 enim
1733 2477 1873 2503 certant
1907 2474 2023 2503 nando
2054 2473 2220 2512 quomodo
2243 2471 2310 2502 dici
2333 2472 2475 2510 possunt
2496 2479 2622 2502 eonne-

1547 2525 1642 2551 ctere
1675 2518 1836 2549 brachia.²
1880 2518 1957 2549 talis
1991 2518 2081 2548 enim
2114 2519 2287 2549 Connexae‘o
2323 2527 2421 2548 omne
2450 2521 2622 2548 certamen

1545 2565 1649 2596 nandi
1682 2564 1782 2596 tollit.
1820 2568 1938 2603 spreto
1964 2563 2066 2603 igitur
2090 2563 2296 2605 certamine,
2335 2565 2481 2604 omisso,
2522 2567 2623 2603 post-

1544 2612 1674 2642 habito.

1591 2666 1624 2687 v.
1648 2658 1704 2687 26.
1776 2653 1875 2685 Mira
1899 2654 2010 2690 qums
2029 2655 2163 2697 pelagi]
2193 2657 2301 2694 Quies
2323 2654 2451 2695 pelagi,
2477 2656 2510 2685 et
2535 2663 2622 2693 quae

1545 2703 1752 2741 sequuntur,
1773 2705 1912 2739 ponunt
1933 2700 1991 2731 late
2017 2701 2119 2732 lassa
2136 2703 2301 2744 furorem
2327 2699 2510 2743 Aequora,
2533 2700 2624 2732 idem

1546 2751 1635 2780 sunt.
1664 2747 1770 2786 magis
1792 2745 1957 2785 poe'ticum
1980 2746 2104 2789 facies,
2130 2748 2158 2778 si
2181 2758 2312 2779 mecum
2335 2747 2442 2789 legas,

1635 2794 1734 2825 Mira
1758 2794 1868 2824 FlDEs
1886 2794 2033 2834 pelagi:

1543 2839 1590 2872 ita
1613 2840 1693 2873 Silv.
1719 2840 1787 2880 111,
1820 2842 1847 2870 l.

1821 2885 1975 2925 laesique
1998 2884 2109 2915 Fmrs
2132 2886 2291 2918 reditura
2318 2888 2450 2920 sereni:

1543 2929 1706 2972 Virgilius
1730 2931 1870 2961 Aeneid.
1896 2933 1964 2971 Ill,
1991 2931 2047 2961 69.

1638 2977 1722 3008 Inde
1747 2978 1807 3008 ubi
1825 2978 1944 3016 prima
1975 2978 2086 3008 Fines
2111 2978 2252 3018 pelago:

1546 3023 1750 3054 Claudianus
1775 3024 1816 3054 de
1839 3024 1909 3054 Bel.
1935 3023 2068 3054 Gildon.
2096 3033 2127 3054 v.
2154 3026 2233 3057 499.

1640 3071 1744 3101 Certa
1766 3071 1877 3101 Fines
1904 3070 2012 3107 caeli,
2036 3070 2098 3101 sed
2122 3072 2235 3111 major
2254 3073 2435 3105 Honorius
2459 3078 2597 3105 auctor.

1546 3114 1724 3147 Petronius
1747 3116 1883 3148 Arbiter
1907 3116 2083 3155 satyrico:
2112 3116 2264 3150 Substiti
2284 3129 2363 3160 ergo
2387 3121 2521 3157 tristis,
2548 3129 2622 3150 roe-

1541 3163 1647 3202 pz'que
1683 3165 1864 3194 aventibus
1897 3163 2006 3193 oeulis
2042 3162 2143 3194 mari·
2175 3165 2291 3196 Finem
2313 3167 2498 3207 inspicere.
2545 3167 2624 3197 Non

1545 3207 1627 3284 {Ziza
1660 3211 1799 3249 probum
1825 3209 1868 3240 sit
1888 3211 1986 3248 quies
2009 3209 2139 3250 pelagi,
2184 3218 2246 3242 suo
2268 3211 2357 3243 loco.
2402 3213 2558 3244 Lucanus
2582 3213 2624 3253 V,
