2892 3840
909 414 1397 452 ‚sinvanuu
1461 401 1634 450 1113.
1700 401 1780 450 ΠΙ.
2440 403 2503 463 69

279 527 349 575 Et
372 540 610 588 magnum
640 525 853 575 Alciden
884 526 1063 575 humili
1093 528 1198 576 lare
1226 542 1385 591 parva
1410 525 1688 589 premebat,

276 614 598 677 Fluctivagos
630 623 840 674 nautas,
870 624 1265 680 scrutatoresque
1296 614 1534 679 profimdi

279 703 384 752 vix
410 706 604 769 operire
636 719 812 769 capax.
880 705 977 751 huc
1011 705 1173 751 omnis
1207 703 1354 750 turba
1383 703 1593 761 coImus3
2302 736 2320 744 -
2449 705 2510 750 85

279 791 391 840 Huc
426 794 627 856 epulae,
658 794 885 857 ditesque
916 794 1041 851 tori,
1075 801 1341 856 coetusque
1372 790 1681 843 ministrum*

281 881 568 945 stipantur,
602 883 890 946 nitidaeque
920 883 1094 930 cohors
1123 883 1407 943 gratissima
1432 880 1614 927 Pollae.

280 969 395 1018 Non
429 987 604 1036 cepere
634 972 795 1028 fores,
825 978 1131 1032 angustaque
1163 969 1329 1016 deficit
1359 967 1525 1014 aedes.

279 1058 522 1116 Erubuit,
552 1060 760 1120 risitque
799 1057 939 1105 Deus
956 1091 970 1114 ‚
1007 1057 1284 1116 dilectaque
1316 1054 1442 1100 Polli

282 1145 447 1195 Corda
478 1146 639 1202 subit,
672 1144 967 1207 blandisque
1004 1144 1227 1190 animum
1260 1142 1602 1205 complectitur
1630 1142 1760 1189 uluis
1774 1159 1789 1189 2
2447 1150 2515 1194 90

282 1233 453 1291 TUNE,
481 1234 667 1296 inquit,
695 1233 899 1295 largitor
930 1247 1106 1297 opum,
1138 1232 1223 1294 qui
1249 1238 1419 1277 mente
1449 1231 1658 1294 profusa

281 1320 436 1369 Tecta
461 1322 767 1370 Dicarcheae
792 1324 1004 1386 pariter,
1029 1322 1369 1382 juvenemque
1399 1320 1607 1383 replesti

278 1411 657 1476 Parthenopen?
683 1420 856 1460 nostro
889 1412 974 1474 qui
1009 1417 1085 1456 tot
1114 1409 1315 1468 fastigia
1347 1411 1525 1465 monti,

280 1499 380 1548 Tot
410 1499 599 1549 virides
624 1501 787 1558 lucos,
816 1507 893 1547 tot
917 1513 1046 1547 saxa
1083 1499 1337 1544 imitantia
1363 1498 1555 1555 vultus,

265 1569 508 1653 ‘Aeraque
523 1622 537 1646 ,
572 1596 648 1635 tot
678 1590 862 1652 scripto
898 1589 1131 1637 viventes
1160 1586 1348 1633 lumine
1381 1602 1518 1634 ceras
2445 1589 2508 1633 95

276 1676 500 1726 Fixistict
536 1678 656 1741 quid
684 1679 819 1725 enim
849 1680 949 1725 ista
983 1677 1188 1734 domus,
1220 1675 1340 1739 quid
1372 1682 1531 1733 terra,
1559 1676 1852 1740 priusquam

279 1765 352 1814 Te
387 1766 655 1828 gauderet,
689 1766 861 1814 erant?
889 1767 1036 1828 longo
1066 1774 1123 1812 tu
1156 1766 1357 1813 tramite
1384 1764 1547 1812 nudos

278 1853 478 1902 Texisti
510 1856 765 1919 scopulos,
798 1855 1058 1919 fueratque
1088 1855 1175 1902 ubi
1210 1855 1391 1900 semita
1423 1861 1635 1911 tantum,

276 1943 419 1992 Nunc
444 1944 516 1991 ibi
548 1943 795 1990 distinctis
827 1951 929 1990 stat
954 1946 1174 2007 porticus
1209 1942 1313 1990 alta
1338 1941 1598 1999 columnis,

277 2031 354 2080 Ne
386 2032 612 2080 sorderet
634 2034 753 2080 iterz
781 2035 920 2083 curvi
950 2041 1005 2079 tu
1035 2033 1195 2078 litoris
1228 2045 1318 2078 ora
2413 2033 2511 2077 100

280 2118 515 2168 Clausisti
542 2122 727 2170 calidas
758 2125 957 2185 gemina
990 2121 1241 2168 testudine
1271 2119 1549 2183 nymphas:

277 2208 381 2255 vix
412 2224 564 2272 opera
591 2226 904 2258 enumerem:
934 2211 1059 2258 mihi
1085 2225 1302 2274 pauper,
1332 2216 1385 2256 et
1409 2208 1610 2268 indigus
1638 2211 1727 2253 uni

274 2298 489 2345 Pollius?
524 2307 577 2343 et
609 2300 734 2346 tales
766 2300 940 2346 hilaris
970 2307 1141 2345 tamen
1172 2299 1306 2343 intro
1335 2303 1561 2358 penates,

272 2387 341 2434 Et
366 2387 512 2443 litus,
543 2386 677 2448 quod
715 2386 920 2449 pandis,
953 2401 1084 2433 amo.
1150 2383 1240 2430 sed
1271 2384 1508 2446 proxima
1541 2381 1715 2429 sedem

271 2475 524 2539 Despicit,
554 2480 605 2520 et
633 2475 781 2520 tacite
807 2474 941 2521 ridet
974 2489 1089 2520 mea
1114 2472 1323 2518 numina
1356 2469 1500 2518 Juno.
2409 2472 2501 2516 105

272 2564 355 2611 Da
385 2563 654 2626 templum,
679 2563 950 2626 dignasque
986 2564 1086 2609 tuis
1123 2559 1380 2607 conatibus
1415 2574 1550 2616 aras,

276 2650 410 2709 Quas
441 2666 632 2715 puppes
663 2652 791 2700 velis
825 2653 987 2699 nolint
1018 2650 1231 2697 transire
1264 2648 1517 2695 secundis:

275 2738 384 2798 Quo
419 2746 559 2803 pater
591 2740 867 2798 aetherius,
896 2741 1182 2802 mensisque
1213 2738 1371 2784 accita
1399 2736 1609 2784 deorum

275 2827 467 2884 Turba,
497 2833 548 2872 et
577 2826 640 2873 ab
667 2829 866 2874 excelso
895 2830 1069 2878 veniat
1098 2841 1237 2874 soror
1271 2825 1472 2889 hospita
1500 2832 1644 2873 tecto.

273 2916 377 2966 Nec
406 2923 484 2973 te,
515 2915 649 2978 quod
681 2914 868 2962 solidus
900 2924 1071 2964 contra
1096 2916 1225 2976 riget
1256 2915 1408 2962 umbo
1434 2915 1641 2976 maligni
2402 2914 2497 2957 110

360 3174 399 3203 V.
425 3173 478 3203 89.
509 3173 549 3202 L.
582 3170 726 3202 Erubuit
767 3178 905 3203 moissi:
943 3173 1045 3203 Deus.
1099 3172 1156 3202 90.
1196 3177 1322 3201 naun.
1368 3171 1424 3201 92.
1463 3170 1675 3200 Dtesacnffl.
1723 3170 1794 3208 [97.
1829 3175 1970 3209 ειιᾼετ,
2012 3170 2111 3199 antea
2143 3174 2249 3200 mur.
2294 3174 2361 3199 ευ.
2403 3169 2486 3206 mm]

274 3230 350 3260 101.
374 3236 544 3260 marnas.
592 3229 666 3260 109.
693 3235 844 3259 ranno.
