2892 3840
367 412 469 463 218

371 542 426 571 tur
448 538 537 571 enim
562 539 603 570 de
631 540 798 570 matribus
825 547 910 577 quae
937 546 957 569 a
975 534 1161 567 nutricibus
1183 534 1294 566 victae
1319 534 1457 566 fuerunt

372 585 498 626 pietate
524 594 605 626 erga
625 588 722 615 natos
749 585 914 623 ipsarum:

467 632 559 670 Qm'd
589 633 743 674 referam
767 630 933 659 altricum
959 628 1074 657 victas
1093 627 1225 665 pietate
1248 625 1456 656 PARENTEs?

468 679 564 716 Quid
583 683 634 714 te,
656 681 739 716 post
761 677 893 705 cineres
919 674 1130 712 deceptaque
1141 673 1300 714 fulmina
1320 678 1456 703 MATMS

474 724 593 754 Tutius
618 724 702 752 Inoo
727 725 922 759 reptantem
947 723 1110 757 pectore,
1136 716 1305 749 Bacche?

473 770 555 800 Jam
577 777 702 800 secura
728 773 866 795 manus
895 763 1039 795 Thus-cis
1068 766 1241 805 regnabat
1263 767 1300 795 in
1325 765 1429 795 undis

470 816 567 846 Ilia:
590 817 787 853 portantem
809 812 974 842 lassabat
996 810 1162 842 Romulus
1185 811 1325 841 Accam.

427 869 456 890 ν.
485 862 558 891 101.
628 862 825 889 transertos
862 857 974 888 alieno
1010 859 1046 887 in
1069 858 1193 889 robore
1217 857 1350 894 ramos]
1376 855 1462 885 Sen-

380 914 437 937 sus
472 908 505 936 et
543 903 704 934 Latinitas
742 904 914 942 postulant
944 903 1064 933 aliena
1094 903 1129 933 in
1164 904 1301 934 robora.
1335 908 1395 939 per
1423 907 1459 928 se

381 954 472 991 patet
510 958 595 979 vers.
628 950 702 980 103.
729 951 869 980 necdum
900 959 1055 980 moresve
1078 950 1245 989 decurre,
1278 957 1324 978 sc.
1350 955 1462 985 appa-

380 1000 548 1027 ruerunt.-
585 1004 654 1025 nou
689 995 795 1027 adhuc
829 996 998 1035 conjicere
1031 994 1167 1035 potuisti
1193 995 1345 1034 qualibus
1369 993 1461 1023 futu-

380 1052 436 1074 rus
468 1043 541 1071 erat
568 1042 738 1083 moribus,
784 1043 873 1080 quali
897 1044 1027 1073 decore.
1053 1042 1265 1085 βραχυλογία
1297 1038 1462 1078 Statiano,

380 1091 416 1118 ut
441 1087 527 1117 infra
559 1096 591 1118 v·
621 1087 697 1117 146·
745 1089 895 1127 Septima
919 1089 998 1119 lux:
1045 1093 1081 1118 et
1098 1087 1176 1126 jam
1193 1088 1380 1129 frigentia
1408 1085 1462 1114 lu-

380 1136 473 1165 mina
496 1137 656 1173 torpent:
682 1141 728 1165 sc.
752 1136 880 1167 aderat
898 1134 1040 1174 septima
1063 1134 1134 1164 lux.
1179 1133 1263 1164 Vide
1289 1140 1374 1170 quae
1401 1140 1465 1160 no-

380 1179 448 1210 tavi
483 1178 526 1209 ad
555 1178 698 1217 Epithal.
733 1182 828 1213 stell.
857 1191 887 1212 v.
918 1182 992 1212 144.
1039 1178 1219 1220 Sequitur,
1248 1179 1321 1208 *Tu
1347 1183 1463 1208 tamen

380 1232 414 1258 et
444 1227 552 1255 mutas
594 1227 704 1257 etiam
738 1233 812 1258 tum
847 1235 1018 1258 murmure
1049 1235 1162 1257 voces.
1209 1225 1329 1256 Nullus
1353 1224 1389 1254 in
1413 1223 1464 1253 his

381 1280 524 1303 sensus:
554 1268 582 1301 si
606 1270 695 1303 enim
725 1281 866 1314 MUTAS,
896 1272 1063 1314 quomodo
1087 1272 1285 1304 nmmum-:³
1315 1272 1417 1318 Lege,

475 1318 525 1348 Tu
562 1322 676 1349 tamen
711 1326 747 1352 et
779 1322 888 1352 motas
918 1322 1024 1351 etiam
1049 1324 1121 1350 tum
1145 1318 1181 1348 in
1205 1325 1378 1348 murmura
1405 1325 1464 1346 vo-

602 1374 659 1395 063
671 1386 680 1405 ,

471 1410 696 1450 vagitumque
719 1412 836 1442 rudem
850 1433 859 1450 ‚
885 1412 1064 1451 fletumque
1086 1412 1242 1453 infantis
1267 1408 1437 1439 amabas:

381 1455 429 1485 ita
461 1454 548 1484 Edit.
581 1457 690 1487 Parm.
724 1467 794 1488 non
818 1456 942 1497 fletus.
995 1459 1153 1488 Lucanus
1176 1457 1278 1495 vul,
1318 1454 1396 1485 682.
1423 1452 1464 1483 de

381 1499 561 1539 Pompeio:
879 1537 882 1539 v

473 1546 568 1577 Dum
595 1549 719 1577 vivunt
750 1548 887 1588 vultus,
932 1553 1039 1588 atque
1066 1556 1103 1578 os
1132 1546 1167 1576 in
1191 1554 1363 1576 murmura
1392 1545 1466 1583 pul-

604 1594 680 1623 sant

476 1636 656 1678 Singultus
684 1639 832 1669 animae.

384 1683 509 1715 Noster
530 1685 646 1724 Eclog.
675 1685 715 1715 ad
747 1692 889 1714 uxorem
914 1692 946 1716 v.
969 1685 1023 1716 33.

822 1735 859 1760 tu
885 1733 1136 1768 procurrentia
1157 1731 1284 1768 primis

478 1776 646 1806 Carmina
670 1779 794 1806 nostra
819 1778 932 1813 sonis,
956 1778 1128 1814 motasque
1158 1777 1193 1806 in
1219 1784 1392 1807 murmura
1410 1784 1468 1806 vo-

607 1829 663 1851 ces

477 1865 573 1896 Aure
594 1868 696 1906 rapis
721 1867 827 1906 vigili.

386 1908 434 1941 ita.
465 1911 589 1950 optime
624 1912 781 1942 emendat
815 1911 974 1941 Heinsius
1010 1911 1051 1941 ad
1087 1910 1261 1942 Claudian.
1297 1911 1332 1941 in
1358 1911 1464 1941 Rufln.

388 1958 426 1998 1,
449 1958 524 1988 152.
570 1958 671 1988 Plura
699 1958 741 1987 ad
762 1958 859 1987 istum
881 1959 991 1988 locum
1017 1957 1176 1993 dicemus.

431 2013 463 2034 v.
496 2005 572 2035 110.
623 2004 704 2034 Sive
733 2005 906 2034 catenatis
943 2011 1132 2035 CURVATUS
1167 2003 1319 2033 membra
1338 2002 1464 2042 palae>-

387 2051 489 2087 stris]
513 2051 656 2080 Attende
680 2050 813 2081 sensui:
853 2050 923 2080 sive
948 2058 1137 2081 cunvA'rus
1161 2050 1313 2079 membra
1339 2053 1465 2084 staret,

387 2104 447 2125 seu
458 2097 595 2126 GRAIUS
607 2104 739 2126 Amc'ru
751 2096 939 2126 Menandri
953 2105 1037 2126 orsa
1055 2099 1265 2127 decurreret.
1290 2096 1464 2130 Quaenam

386 2141 439 2171 hic
473 2142 646 2180 oppositio
670 2143 758 2172 inter
776 2149 945 2174 curvatus
967 2145 1115 2173 membra
1148 2143 1181 2171 et
1217 2141 1348 2171 Graius
1384 2142 1469 2171 anei-

389 2186 475 2218 ctu?
495 2190 529 2218 et
551 2191 665 2227 tamen
685 2188 880 2227 requiritur.
927 2189 1029 2227 Lege,

486 2234 567 2264 Sive
593 2238 768 2266 catenatis
794 2242 961 2265 NUDA'rus
985 2235 1161 2265 membra:

388 2279 463 2309 Jam
498 2279 614 2320 vides,
652 2281 724 2311 sive
755 2288 892 2321 ximus,
932 2289 992 2311 seu
1029 2280 1137 2311 Graio
1171 2289 1264 2311 more
1296 2282 1469 2314 Amores.

388 2323 549 2365 Virgilius
573 2326 695 2366 Georg.
721 2328 775 2367 11,
802 2329 879 2359 531.

482 2373 701 2413 Corporaque
723 2375 862 2414 agresti
883 2381 1007 2404 NUDAT
1024 2373 1208 2412 praedura
1232 2372 1432 2411 palaestrae.

389 2417 532 2448 Aeneid.
554 2420 622 2458 111,
645 2421 725 2450 281.

480 2463 663 2495 Exercent
686 2466 830 2503 patrias
855 2465 928 2495 oleo
955 2464 1093 2495 labente
1119 2463 1304 2502 palaestras

483 2511 628 2541 Nunm
651 2512 749 2541 socii.

393 2553 530 2586 Ovidius
555 2556 693 2587 Heroid.
717 2557 815 2595 XVI,
843 2555 917 2587 149.

485 2602 582 2633 More
605 2609 686 2634 tuae
704 2605 820 2643 gentis
847 2603 961 2632 nitida
984 2602 1061 2631 dum
1087 2611 1184 2634 xunA
1209 2604 1378 2642 palaestra

529 2647 660 2688 Ludis,
687 2654 722 2678 et
747 2657 782 2678 es
809 2648 907 2678 nudis
924 2649 1065 2690 femina
1089 2651 1194 2680 mista
1218 2652 1319 2681 viris.

393 2691 472 2722 inde
502 2695 614 2725 nudas
649 2694 836 2733 palaestras
862 2695 985 2724 Noster
1010 2693 1093 2725 Silv.
1119 2697 1185 2736 111,
1226 2699 1256 2726 1.
1291 2704 1376 2726 orsa
1405 2694 1475 2726 Me-

394 2740 544 2779 nandri,
571 2741 606 2770 ut
629 2740 717 2779 apud
743 2739 930 2771 Ausonium
953 2740 1104 2777 Protrep.
1132 2749 1162 2770 v.
1188 2742 1245 2771 46.

489 2786 654 2816 Conditor
681 2786 811 2816 Iliados
839 2790 875 2816 et
899 2786 1061 2816 amabilis
1088 2795 1167 2817 orsa
1190 2785 1370 2817 Menandri

487 2830 688 2862 Evolvenda
715 2833 794 2863 sibi.

439 2883 471 2905 v,
496 2879 572 2908 115.
629 2878 831 2908 Famissm-
864 2885 968 2907 rosea
997 2877 1136 2907 lasciva
1167 2876 1294 2907 Thalia
1324 2878 1471 2916 corona]

396 2920 473 2952 Scio
506 2924 674 2962 quomodo
703 2924 786 2954 haec
822 2922 969 2961 explicat
1002 2923 1193 2954 Gronovius
1218 2924 1392 2954 Observat.
1416 2925 1472 2964 lv,

396 2966 451 2997 2-1.
477 2969 571 3007 cujus
598 2971 702 3001 verba
721 2970 803 3001 haec
829 2971 925 2999 sunt:
970 2968 1136 3010 „Frangi
1161 2970 1233 2999 vult
1260 2969 1386 3000 crinem
1411 2978 1473 3000 ex-

398 3015 576 3048 „tractum
608 3026 681 3047 cum
704 3014 963 3055 superimposita
985 3025 1113 3046 corona
1136 3016 1340 3055 deprimitur
1364 3018 1398 3046 et
1424 3015 1472 3046 sic

400 3060 525 3096 „quasi
551 3062 746 3093 destruitur.
795 3061 977 3101 Virgijus,
1020 3067 1123 3093 tonsa
1148 3072 1245 3092 coma
1267 3071 1396 3102 pressa
1422 3072 1474 3093 co·

399 3113 543 3140 „romu
564 3110 601 3137 ut
617 3110 791 3149 frangere
817 3110 909 3139 toros
933 3116 994 3146 pro
1021 3109 1221 3147 deprimere.
1232 3108 1255 3127 “
1302 3109 1396 3140 Haec
1413 3108 1473 3139 Vir

400 3155 556 3181 summus.
592 3154 659 3185 Sed
684 3155 750 3186 alio
777 3164 876 3185 seusu
901 3154 1023 3185 dicitur
1038 3156 1215 3196 frangere
1242 3159 1358 3195 toros,
1403 3155 1472 3185 alio

393 3193 566 3235 frangere
601 3201 739 3230 crinem.
777 3209 820 3231 ex
851 3200 984 3240 Virgilii
1017 3201 1095 3232 loco
1127 3201 1228 3231 citato
1255 3210 1369 3232 veram
1393 3203 1471 3232 ante

400 3239 517 3270 oeulos
542 3240 656 3273 habuit
680 3243 878 3286 lectionem,
905 3255 1003 3284 quam
1032 3246 1117 3278 hanc
1141 3254 1215 3277 esse
1244 3249 1400 3279 autumo:

1189 407 1377 460 Noun
1406 419 1476 457 An
1508 406 1614 455 Lis.
1649 405 1705 454 11.
1739 408 1784 453 1.

2497 430 2599 479 9⁷9

2055 572 2063 578 ⁴
2081 536 2276 576 crinemque
2297 539 2455 571 decorum

1619 578 1838 608 Pnnssmsc'r
1865 586 1969 609 rosea
1993 578 2131 611 lasciva
2159 581 2289 614 Thalia
2314 594 2456 617 corona.

1526 625 1653 655 Noster
1676 624 1762 654 silv.
1790 624 1805 653 1
1821 645 1831 665 ,
1857 623 1892 655 2.

2078 669 2137 700 hic
2159 671 2286 704 enthea
2310 667 2408 707 latito

1622 714 1812 754 Tempora,
1839 713 1959 744 Minoa
1984 720 2118 746 emnem
2143 722 2280 751 rnenrr
2307 721 2365 751 ille
2388 727 2549 752 comosa:

1524 764 1626 796 Vides
1652 761 1767 791 eadem
1794 761 1908 792 verba.
1934 759 2023 790 infra
2050 761 2130 793 Silv.
2157 765 2207 804 V,
2233 764 2264 796 3.

1616 806 1696 837 Heu
1722 807 1811 846 quod
1836 815 1887 836 me
1915 808 2029 836 mixta
2053 817 2202 848 quercus
2228 820 2296 841 non
2320 817 2467 843 Passum·
2492 807 2613 844 oliva!

1527 853 1688 894 Virgilius
1727 853 1879 893 (praeter
1913 851 2024 883 locum
2052 862 2073 884 a
2100 855 2275 889 Gronovio
2301 857 2498 899 adductum)
2525 859 2608 889 Aen.

1529 903 1595 942 IV,
1625 900 1700 930 147.

1621 946 1703 984 Ipse
1723 943 1819 984 jugis
1852 943 1979 983 Cynthi
1998 946 2184 988 graditur,
2210 947 2372 989 mollique
2386 946 2560 988 fluentem

1621 991 1760 1022 Fronde
1785 997 1921 1020 rnssm'r
1948 997 2082 1022 cuman
2099 991 2264 1035 fingens:

1531 1039 1573 1070 ad
1597 1046 1682 1076 quae
1705 1037 1863 1067 Servius:
1894 1036 2027 1068 Premit
2053 1040 2206 1070 crinem.-
2231 1041 2276 1072 Id
2300 1043 2373 1080 est,
2398 1037 2614 1079 eomprehen-

1530 1094 1569 1117 so
1596 1085 1692 1115 crine
1717 1081 1824 1120 efficit
1847 1092 1889 1113 ne
1905 1081 2025 1124 fluat.-
2048 1084 2136 1127 lege,
2160 1094 2356 1127 compresso
2382 1088 2478 1118 crine
2501 1083 2617 1125 efficit

1531 1134 1594 1163 etc.
1642 1129 1782 1160 Ovidius
1810 1130 1900 1160 Fast.
1926 1131 1992 1169 lv,
2015 1131 2094 1162 655.

1622 1177 1684 1207 Bis
1712 1182 1821 1215 caput
1841 1177 2017 1206 intonsum
2032 1178 2194 1219 fontana
2221 1180 2405 1219 spargitur
2432 1179 2551 1217 unda:

1646 1223 1709 1252 Bis
1734 1231 1801 1252 sua
1816 1222 1969 1263 faginea
1995 1227 2152 1262 tempora
2170 1226 2303 1266 fronde
2329 1231 2487 1256 PREMIT:

1532 1267 1579 1298 ita
1612 1277 1655 1298 ex
1690 1268 1785 1299 MSS.
1826 1267 1932 1298 edidit
1964 1268 2123 1300 Heinsius
2144 1280 2205 1309 pro
2223 1270 2358 1313 fronde
2380 1278 2500 1303 TEGIT.
2548 1271 2616 1302 Lu-

1534 1323 1638 1345 canus
1668 1315 1718 1353 V,
1746 1315 1800 1344 60.

1627 1361 1771 1400 Cingere
1797 1358 1935 1389 Pellaeo
1957 1365 2111 1390 raassos
2133 1361 2328 1393 dtademate
2350 1370 2489 1395 cmxfis.

1533 1408 1666 1438 Seneca
1691 1405 1827 1444 Hippoi.
1854 1414 1884 1435 v.
1910 1406 1989 1435 649.

1625 1454 1710 1491 Quis
1736 1457 1807 1482 tum
1828 1451 1886 1481 ille
1904 1449 2043 1493 fulsit?
2065 1458 2300 1484 PRESSERANT
2325 1456 2435 1485 etam
2462 1461 2596 1494 comni,

1624 1499 1673 1528 Es
1697 1507 1762 1528 ora
1777 1497 1900 1536 flavus
1931 1503 2053 1528 tenera
2075 1500 2231 1539 tingebat
2253 1502 2369 1531 rubor.

1532 1544 1630 1583 plura
1655 1544 1810 1581 exempla
1836 1543 1870 1572 in
1887 1545 2019 1580 promtu
2042 1543 2169 1576 habeo:
2202 1545 2262 1575 sed
2294 1547 2376 1578 haee
2406 1546 2618 1589 Jsufliciunt.

1531 1592 1635 1626 Mox,
1681 1599 1785 1620 casus
1821 1589 1915 1618 tarde
1946 1590 2127 1620 remeantis
2155 1590 2271 1622 Ulixi:
2317 1593 2438 1623 alludit
2465 1594 2552 1624 forte
2576 1594 2619 1626 ad

1536 1636 1601 1667 ista
1626 1635 1756 1666 Horatii
1781 1637 1889 1666 Cal-m.
1914 1636 1952 1675 1,
1978 1638 2010 1665 6.

1628 1683 1700 1713 Nec
1724 1690 1841 1712 cursus
1864 1681 2003 1711 reducis
2028 1690 2094 1719 per
2119 1691 2216 1711 mare
2246 1681 2386 1714 Ulixei.-

1537 1728 1623 1758 adeo
1658 1731 1695 1758 ut
1730 1728 1783 1758 bic
1814 1727 1912 1757 etiam
1937 1728 2024 1758 sorte
2054 1726 2268 1758 scribendum
2293 1729 2336 1759 sit
2362 1739 2497 1763 cursus.
2523 1733 2618 1763 Vers.

1540 1775 1615 1806 123.
1639 1784 1700 1813 pro
1724 1775 1922 1815 refringere
1958 1773 1993 1803 in
2021 1773 2190 1804 Parmensi
2219 1777 2271 1805 est
2295 1774 2439 1816 infigere
2459 1779 2510 1816 [et
2533 1780 2617 1810 Ven.

1537 1821 1639 1851 Forte
1663 1819 1868 1860 infringere.
1893 1819 1949 1848 Ex
1977 1821 2084 1857 Anu]

1583 1868 1631 1904 [v.
1661 1868 1736 1896 125.
1785 1873 1851 1895 suo
1888 1865 2003 1895 adhuc
2027 1866 2189 1906 infantia
2213 1872 2340 1896 mxrA.
2363 1867 2476 1899 Primo
2505 1869 2619 1908 legen-

1536 1911 1612 1941 dum
1638 1919 1685 1942 ET
1710 1911 1835 1950 adhuc,
1862 1913 1999 1949 propter
2023 1919 2179 1950 sequens,
2207 1910 2290 1941 Jam
2313 1920 2436 1944 TAMEN
2455 1919 2488 1945 et
2511 1915 2622 1947 validi

1533 1967 1691 1998 gressus.
1720 1957 1871 1996 Deinde,
1916 1957 1995 1995 quid
2018 1960 2070 1988 est
2094 1958 2208 1987 mia-ta
2237 1958 2424 1998 infantia?
2457 1960 2552 2000 lege,
2585 1967 2618 1994 ee

1534 2005 1649 2035 adhuc
1668 2005 1828 2046 infantia
1854 2005 1978 2041 iurta,
2001 2011 2047 2033 sc.
2076 2006 2158 2033 erat.
2186 2002 2344 2035 Thebaid.
2371 2006 2426 2047 Vl,
2451 2005 2531 2040 382.

1890 2050 1958 2080 tibi
1978 2050 2077 2080 nulla
2101 2055 2292 2089 supersunt

1630 2094 1795 2134 Gaudia5
1819 2096 1890 2125 iam
1921 2096 2055 2126 Thebae
2076 2094 2193 2136 iuxta,
2218 2101 2254 2127 et
2279 2097 2461 2128 tenebrosa
2478 2107 2618 2139 vorago.

1537 2141 1593 2171 Ex
1618 2143 1726 2180 Anu]
2542 2163 2544 2165 -

1585 2196 1617 2217 v.
1648 2190 1724 2218 128.
1775 2187 1856 2216 Cum
1889 2186 1954 2217 tibi
1982 2196 2071 2227 quas
2109 2195 2263 2225 VESTES,
2302 2186 2481 2230 quae‘non
2502 2194 2621 2231 gesta·

1828 2233 1924 2263 mina
1949 2236 2043 2264 mitis
2367 2246 2371 2249 ·

1760 2277 1969 2310 Festinabat
2016 2277 2164 2318 nerusss
2219 2279 2461 2311 Praecedentia
2514 2281 2620 2312 verba

1541 2325 1642 2362 sunt,
1689 2329 1724 2354 et
1748 2326 1847 2355 visae
1866 2335 1977 2363 puero
2003 2326 2205 2356 decrescere
2229 2334 2372 2358 vss’rsss.
2419 2328 2513 2358 Haec
2535 2335 2618 2365 pau·

1541 2370 1653 2409 peries
1687 2371 1854 2401 sermonis
1886 2381 1955 2402 ιιοιι
1991 2372 2145 2403 Statiana
2182 2375 2253 2413 est,
2297 2373 2356 2403 sed
2393 2371 2479 2403 alius
2509 2372 2622 2410 eujus-

1540 2417 1652 2456 piam,
1701 2417 1756 2455 qui
1781 2416 1815 2447 in
1839 2418 1992 2457 margine
2011 2418 2088 2448 libri
2113 2417 2165 2448 sui
2187 2418 2273 2449 hanc
2297 2427 2412 2449 vocem
2436 2417 2621 2457 scripserat

1542 2463 1585 2493 ad
1607 2462 1843 2502 explicandam
1861 2464 1961 2494 aliam
1971 2464 2102 2501 quaein
2117 2467 2276 2495 contextu
2289 2468 2373 2503 erat,
2395 2466 2429 2494 et.
2441 2464 2622 2503 quaediffi-

1544 2509 1645 2540 cilior
1673 2508 1721 2539 illi
1750 2509 1938 2540 videbatur.
1972 2509 2052 2540 inde
2089 2509 2124 2539 in
2161 2510 2269 2549 ipsum
2301 2519 2423 2548 corpus
2454 2510 2622 2549 poematis

1542 2555 1670 2586 adscita
1702 2557 1776 2586 erat
1807 2556 1890 2587 haec
1917 2563 1987 2586 vox
2023 2555 2145 2594 notha,
2185 2557 2294 2595 ejecta
2318 2556 2466 2596 genuina
2489 2559 2522 2587 et
2545 2558 2624 2588 Sta-

1541 2602 1658 2638 tiaua3
1701 2610 1806 2640 quae,
1849 2603 1887 2631 ut
1918 2600 1999 2631 mihi
2034 2601 2189 2642 videtur,
2231 2603 2294 2633 vix
2321 2603 2389 2633 alia
2413 2611 2488 2634 esse
2509 2601 2621 2642 potuit

1541 2657 1638 2685 quam
1666 2649 1806 2677 cinctus
1823 2657 1836 2677 .·
1867 2648 1948 2677 Cum
1975 2647 2043 2677 tibi
2064 2657 2146 2686 quos
2171 2648 2322 2686 cinctus,
2348 2658 2437 2689 quae
2460 2659 2530 2681 non
2555 2650 2619 2680 ete.

1543 2694 1693 2724 cultibus
1727 2692 1816 2722 enim
1849 2694 1883 2723 et
1916 2698 2028 2724 vestes
2057 2694 2155 2724 modo
2181 2697 2450 2733 praecesserunt.
2495 2695 2618 2727 Admo-

1541 2740 1619 2770 dum
1645 2738 1837 2770 verosimile
1862 2741 1913 2769 est
1935 2739 1981 2770 ita
2003 2739 2056 2770 hic
2080 2741 2203 2771 factum
2228 2742 2353 2778 fuisse3
2389 2742 2477 2780 quod
2506 2744 2540 2772 et
2568 2741 2622 2772 in-

1540 2784 1690 2816 numeris
1737 2787 1896 2817 Veterum
1934 2788 2120 2817 Auctorum
2168 2787 2251 2818 loeis
2291 2787 2455 2819 accidisse
2495 2788 2622 2820 norunt

1503 2864 1506 2867 ,
1541 2831 1687 2862 Ει·ιιι1ἰῐί.
1715 2834 1749 2862 et
1774 2831 1820 2862 ita
1844 2832 1927 2862 haec
1950 2834 2094 2871 quatuor
2115 2835 2272 2871 cinctus,
2313 2839 2449 2872 vestes,
2492 2835 2619 2874 cultus,

1543 2881 1577 2908 et
1601 2881 1800 2919 gestamina
1823 2878 2074 2918 conjunguntur
2098 2880 2256 2911 Thebaid.
2281 2883 2346 2921 vl,
2388 2882 2442 2912 76.
2469 2883 2503 2912 et
2526 2889 2619 2920 seqq-

1543 2926 1635 2961 Quas
1666 2933 1735 2954 non
1764 2926 1802 2954 in
1834 2935 1955 2956 nomen
1990 2927 2133 2956 credula
2168 2931 2278 2958 vestes
2315 2928 2456 2965 urgebat
2479 2923 2620 2957 statim?

1543 2979 1587 3002 ex
1624 2979 1688 3009 quo
1719 2971 1818 3011 loco,
1866 2971 1943 3002 huic
1975 2971 2163 3009 simillimo,
2203 2975 2290 3004 forte
2323 2972 2535 3004 retinendum
2568 2972 2620 3002 est

1543 3026 1631 3058 quas
1657 3022 1795 3057 vestes,
1837 3019 1871 3048 et
1893 3018 2072 3057 legendum
2097 3028 2196 3050 versu
2224 3017 2457 3058 praecedenti,
2497 3023 2534 3049 et
2554 3017 2620 3048 visi

1537 3073 1649 3104 puero
1673 3064 1874 3094 decrescere
1899 3064 2038 3095 cinctus.
2079 3067 2161 3096 Cum
2183 3067 2248 3097 tion·
2269 3073 2350 3103 quas
2376 3065 2506 3104 vestes,
2529 3073 2619 3103 quae

1542 3120 1609 3141 non
1639 3111 1702 3140 etc.
1751 3109 1968 3141 Verissimum
2002 3111 2065 3141 hoc
2099 3113 2189 3150 puto.
2235 3111 2302 3141 Sed
2338 3109 2415 3148 quid
2449 3109 2490 3140 de
2516 3111 2619 3141 verbo

1541 3157 1753 3196 laboramus,
1788 3166 1862 3187 cum
1891 3165 2014 3188 sensus
2039 3159 2105 3188 tam
2131 3157 2219 3187 male
2242 3156 2381 3187 affectus
2401 3155 2467 3186 um
2508 3158 2616 3187 totum

1540 3203 1650 3235 locum
1676 3211 1904 3240 apponamus:

1635 3249 1716 3278 Oura
1738 3248 1815 3285 tibi,
1843 3257 1930 3288 quas
1955 3251 2081 3284 vestes,
2105 3255 2195 3287 qnae
2218 3256 2286 3277 non
2307 3248 2503 3288 gestamina
2523 3249 2617 3279 mitis
