2892 3840
403 387 503 436 332
743 421 754 432 .
1171 384 1358 434 NOTAE
1391 396 1461 434 Ao
1492 384 1847 439 L113.1V.6.„
1887 427 1896 433 .
2026 428 2050 433 ,-
2128 434 2171 439 ,,
2300 452 2304 456 ,
2516 343 2645 460 yses

405 557 451 589 Et
495 508 545 545 Et
569 521 608 553 se
631 500 830 555 participem
855 519 963 545 cAsvs
986 511 1145 544 sociarat
1166 517 1203 542 is
1224 517 1355 554 ouans,

460 559 623 644 ,vivolo-{1⁷3³
645 604 808 647 Gargeni
830 603 996 643 spolium,
1027 601 1117 641 quod
1137 610 1218 642 rege
1238 602 1411 643 superbus

496 650 664 683 Boiorum
688 660 790 683 caeso
813 649 925 686 capiti
949 647 1169 678 illaeeraba'le
1190 651 1304 680 victor

498 695 678 737 Aptarat,
699 702 892 736 pugnasque
915 693 1020 724 decus
1039 694 1213 733 portabat
1235 703 1273 726 m
1295 699 1423 726 OMNES.

409 760 528 784 errore
557 751 686 784 librarii
725 751 885 789 scriptum
921 751 1017 790 erat,
1062 749 1114 780 Et
1147 753 1302 782 comitem
1339 756 1493 782 occasus

411 807 524 830 seeum
548 800 612 830 ete.
639 797 780 837 deinde,
806 796 885 834 quia
912 805 980 826 non
1010 795 1259 835 intelligebatur
1286 805 1433 828 occasus
1458 795 1495 825 in

410 852 528 876 OMNES
545 852 686 883 pronum
713 842 775 872 fuit
799 843 912 872 facere
938 851 1086 873 occasus
1107 850 1153 873 ΕΤ
1169 850 1298 874 nurus,
1325 840 1496 878 Quemad-

408 891 543 922 modum
574 897 656 919 vero
687 889 883 918 Alexander
906 887 995 919 hunc
1022 889 1223 927 Herculem,
1262 889 1309 919 ita
1331 890 1424 919 Nero
1447 888 1495 917 A-

407 943 581 966 mazonem
605 933 828 965 circumtulit:
874 933 1004 964 Plinius
1028 935 1071 964 N.
1093 936 1134 964 H.
1157 935 1321 975 XXXIV,
1367 937 1397 964 8.
1425 935 1495 963 eir-

409 981 571 1012 cumtnlit
598 985 634 1010 et
662 980 755 1010 Nero
792 983 965 1019 princeps
1002 979 1210 1011 Amazonem
1240 982 1281 1011 de
1312 989 1381 1020 qua
1405 980 1496 1010 dice-

407 1035 502 1066 mus,
539 1030 576 1055 et
601 1026 709 1065 paulo
743 1032 826 1057 ante
863 1028 898 1055 C.
937 1028 1075 1056 Cestius
1112 1027 1307 1058 consularis
1346 1028 1493 1066 signum,

406 1073 497 1111 quod
517 1079 632 1101 secum
655 1074 763 1103 etiam
789 1074 826 1102 in
848 1073 985 1110 praelio
1013 1072 1144 1103 habuit.
1190 1073 1392 1103 Alexandri
1414 1081 1496 1111 quo-

406 1119 471 1156 que
499 1116 624 1157 Alagni
650 1118 914 1148 tabernaculum
942 1120 1115 1149 sustinere
1147 1120 1337 1150 traduntur
1365 1118 1494 1149 solitae

409 1167 564 1194 statuae.
611 1163 770 1194 Heinsius
796 1165 875 1195 Not.
901 1164 942 1194 ad
969 1164 1067 1195 ovid.
1092 1167 1176 1196 Met.
1203 1167 1260 1207 IV,
1284 1166 1362 1196 762.
1387 1166 1495 1195 totum

407 1208 590 1241 locumsie
620 1209 716 1250 legit,

846 1255 1009 1286 Pellaeus
1033 1254 1187 1287 habebat

503 1299 687 1342 Regnator
715 1306 845 1330 LAU'rls
872 1311 996 1332 numen
1019 1303 1217 1332 venerabile
1239 1303 1380 1338 mensis,

499 1345 549 1377 Et
575 1349 730 1378 comitem
753 1354 889 1377 OCCASU
909 1356 1022 1378 secum
1043 1349 1213 1387 portabat
1236 1353 1271 1378 et
1295 1355 1405 1379 owru.

410 1402 470 1435 sed
496 1407 625 1435 tsi-:ms
648 1402 789 1434 retineri
815 1406 926 1442 potest
961 1413 1004 1434 ex
1028 1405 1103 1435 loco
1127 1405 1187 1435 Sil.
1213 1404 1321 1435 ltaliei
1345 1405 1390 1444 X,
1416 1404 1496 1435 376.

499 1450 600 1480 Huic
625 1451 749 1480 deletor
775 1456 915 1482 Las-ras
940 1450 1092 1489 Tarpeio
1122 1453 1158 1482 in
1181 1453 1313 1482 vertice
1334 1457 1474 1482 nassas

504 1496 699 1535 Spondenti
718 1497 782 1525 ete.

411 1538 529 1572 laetae
555 1550 695 1571 mensae
720 1542 800 1571 sunt
833 1549 919 1579 quae
943 1541 1157 1572 celebrantur
1177 1546 1263 1580 post
1284 1543 1498 1572 victoriam.-

411 1584 489 1617 vide
519 1595 606 1626 quae
644 1586 758 1617 notavi
797 1586 840 1616 ad
874 1587 1028 1617 Surrent.
1052 1587 1136 1616 Poll.
1161 1595 1194 1617 v.
1224 1590 1257 1618 6.
1287 1587 1405 1626 quibus
1436 1587 1497 1616 ad-

410 1629 493 1663 dere
516 1641 649 1672 possem
682 1632 860 1662 innumera
893 1633 1049 1671 exempla
1072 1632 1170 1670 huJus
1202 1632 1284 1662 usus
1307 1632 1401 1664 vocis
1426 1633 1499 1663 lae-

413 1681 482 1709 tus.
528 1678 637 1709 Alteri
669 1678 759 1718 parti
797 1676 1003 1709 Heinsianae
1038 1678 1280 1709 emendationis
1308 1678 1496 1709 assentior:

410 1725 452 1754 ut
486 1730 564 1755 ortu
598 1726 632 1755 et
668 1733 800 1754 occasu
831 1722 875 1754 sit
914 1730 985 1754 run
1020 1729 1133 1754 ortum
1167 1726 1202 1754 et
1224 1734 1413 1756 occasum.-
1454 1724 1497 1754 de

411 1777 479 1807 qno
505 1769 576 1800 dixi
603 1769 644 1800 ad
669 1769 759 1800 viam
782 1768 906 1798 Domit.
935 1779 965 1799 v.
989 1770 1046 1799 20.

456 1833 490 1857 v.
517 1827 573 1857 65.
618 1825 716 1855 Huic
749 1826 847 1854 acies
883 1827 998 1855 victor
1029 1833 1165 1862 semper
1200 1831 1403 1854 munstar
1428 1825 1499 1862 opi·

413 1873 517 1910 mas]
563 1869 670 1909 Finge
702 1869 933 1900 Alexandrum
972 1871 1131 1908 Magnum
1158 1870 1289 1900 statuae
1309 1869 1408 1906 hujus
1435 1878 1497 1899 au-

410 1915 530 1946 riculis
563 1916 852 1955 insusurrantem,
894 1914 969 1955 Ego
997 1915 1142 1945 detraxi
1165 1915 1293 1955 Indos,
1334 1915 1408 1955 Ego
1432 1915 1498 1945 Ιια-

412 1967 472 1992 sta
495 1962 633 2004 refrcgi
661 1962 849 2000 Babylona
886 1963 950 1991 etc.
1007 1961 1116 1995 Quam
1151 1960 1297 1991 ridicula
1329 1961 1413 1991 haec
1439 1969 1497 1991 re-

410 2008 641 2046 praesentatio
687 2005 896 2048 Alexandri,
957 2006 1061 2037 surdo
1105 2007 1252 2038 fabulam
1286 2002 1498 2038 narrantis!

408 2054 520 2094 Lege:

501 2099 599 2130 Huic
621 2099 714 2130 acies
740 2106 875 2139 semper
898 2099 1012 2129 victor
1031 2104 1248 2129 REFEREBAT
1270 2099 1427 2139 opimas.-

411 2164 547 2196 semper
579 2158 716 2196 victor,
769 2154 817 2186 ita
852 2154 939 2185 enim
975 2153 1112 2185 exhibet
1146 2154 1345 2186 Parmensis.
1373 2160 1493 2185 seusus

412 2205 485 2240 θεὶς
509 2202 560 2233 Ab
586 2202 652 2233 Izoe
669 2202 816 2241 petebat
836 2204 972 2232 animos
997 2202 1033 2231 in
1057 2201 1147 2231 bella
1154 2210 1170 2240 ,·
1198 2207 1233 2233 et
1256 2203 1392 2241 victor,
1411 2201 1493 2230 huic

411 2254 631 2279 nst-‘EnsaA'r
665 2249 854 2287 victorias,
899 2246 977 2276 huic
1020 2245 1207 2285 imputabat
1238 2247 1326 2285 quod
1354 2246 1494 2277 vicerat.

412 2294 638 2326 Mamertinus
673 2294 795 2332 Paneg.
828 2292 969 2323 Maxim.
996 2303 1025 2323 c.
1048 2293 1108 2323 IX.
1134 2294 1220 2324 adeo
1244 2292 1375 2323 numini
1399 2293 1493 2323 illius

412 2341 618 2380 simpliciter
650 2345 878 2378 amanterque
909 2340 1070 2380 quicqu-id
1091 2348 1159 2378 pro
1186 2339 1288 2370 hisee
1309 2340 1416 2370 terris
1433 2339 1495 2381 fe-

415 2393 518 2417 ceras
549 2392 768 2418 nuruusn:
813 2383 861 2415 ita
892 2386 978 2415 bene
1016 2384 1207 2415 emendavit
1239 2387 1409 2416 Puteanus
1432 2393 1494 2424 pro

413 2430 470 2462 Itis
507 2434 642 2463 ceteris.
698 2430 884 2462 Eumenius
920 2433 1011 2462 Orat.
1044 2440 1107 2469 pro
1135 2432 1289 2463 Restaut.
1322 2431 1437 2463 Schol.
1465 2441 1495 2461 c.

411 2477 470 2508 lv.
515 2479 674 2509 Divinae
706 2477 962 2517 Imperatorum
1010 2479 1266 2518 Caesarumque
1297 2482 1497 2509 nostrorum

412 2522 671 2564 providentiae,
702 2523 944 2565 singularique
967 2524 1006 2554 in
1031 2533 1095 2555 nos
1122 2523 1398 2563 benevolentiae,
1431 2523 1496 2554 ltu-

406 2568 470 2609 jus
494 2580 625 2612 quoque
652 2571 767 2609 operis
790 2571 1006 2600 instauratio
1032 2576 1252 2601 narrasses
1284 2575 1348 2601 est.
1374 2570 1423 2602 ita
1446 2571 1498 2600 le-

411 2616 579 2655 gendum,
622 2616 744 2656 vulgo,
791 2617 1053 2647 instauratione
1076 2617 1273 2655 parendum
1305 2621 1380 2657 est,
1421 2617 1496 2650 sine

412 2670 525 2693 sensu.
570 2661 776 2701 Exciderat,
809 2661 949 2701 opinor,
973 2660 1052 2691 bule
1074 2661 1174 2693 Statii
1197 2663 1274 2693 loco
1299 2662 1408 2701 prima
1430 2663 1498 2701 syl-

410 2707 490 2739 laba
508 2712 573 2740 re.⁴
597 2707 717 2738 deinde
738 2716 802 2746 pro
817 2708 984 2749 ferebat,
1023 2707 1112 2745 quod
1137 2710 1280 2738 metrum
1302 2717 1370 2738 non
1397 2711 1494 2747 pate-

411 2756 528 2796 retur,
575 2753 719 2793 peritior
743 2753 864 2792 aliquis
887 2751 1025 2784 intrusit
1046 2754 1242 2794 narrabat,
1263 2753 1353 2792 quod
1375 2753 1494 2792 proxi-

411 2809 503 2832 mum
526 2802 612 2831 erat.
657 2801 749 2830 Bene
783 2808 866 2830 vero
900 2801 1031 2838 opimas
1056 2800 1152 2830 acies
1160 2808 1178 2838 ,⁸
1210 2801 1247 2829 ut
1274 2802 1394 2838 opima
1413 2808 1493 2839 pax·

412 2845 474 2878 Sil.
511 2847 588 2879 Ital.
624 2846 734 2884 XVII,
762 2847 840 2878 683.
873 2846 989 2884 opima
1023 2845 1145 2876 caedes
1179 2845 1239 2886 IX,
1267 2846 1344 2877 531.
1367 2849 1493 2877 trium-

408 2891 504 2931 phus
533 2894 667 2933 ‘opimus
698 2893 818 2923 Horat.
848 2892 958 2922 Carm-
983 2891 1040 2930 IV,
1067 2890 1099 2921 4.
1143 2892 1177 2920 et
1202 2896 1333 2932 segetes
1356 2894 1491 2932 opimas

412 2938 440 2978 Ι,
477 2939 531 2972 ³1.
569 2937 628 2969 ubi
659 2938 770 2970 minus
804 2936 969 2969 concinne
994 2935 1095 2975 vulgo
1117 2936 1243 2976 legitur
1265 2939 1420 2977 opimae,
1457 2939 1492 2969 et

412 2983 456 3013 ud
487 2979 527 3017 τὰ
557 2984 747 3016 Sardiniae
767 2984 926 3016 refertur.
955 2984 1116 3013 victimae
1137 2985 1273 3022 opimae
1295 2985 1425 3018 Seneca
1448 2985 1490 3017 de

410 3028 523 3059 Renes.
554 3031 583 3067 1,
615 3033 651 3062 δ.
671 3030 731 3062 ubi
757 3030 844 3062 male
869 3028 994 3069 legitur
1020 3030 1192 3067 optimae.-
1226 3030 1343 3068 spolia
1377 3033 1491 3070 opima

410 3074 552 3112 Virgilio
581 3076 616 3106 et
647 3077 734 3107 aliis.
788 3076 825 3109 Si
860 3077 974 3107 tamen
1009 3074 1118 3106 codex
1153 3074 1278 3114 aliquis
1301 3076 1488 3120 addiceret,

409 3117 554 3150 libenter
575 3121 663 3151 hune
690 3131 823 3154 versum
843 3121 889 3153 ita
911 3122 1079 3161 legerem:

498 3165 596 3196 Huic
619 3169 737 3205 epulas
764 3175 899 3209 semper
922 3169 1036 3201 viceor
1059 3167 1217 3199 sacrabat
1241 3168 1396 3208 opintas:

408 3209 446 3239 ut
469 3207 557 3241 infra
579 3219 612 3241 v.
642 3215 698 3244 80.

1650 539 1699 587 Β,
1839 514 1876 543 et
1899 519 1975 543 eum
1997 510 2138 555 epulas,
2161 516 2199 549 et
2220 522 2296 547 cusu
2319 512 2462 551 lenaeo
2487 504 2619 552 diea'ret

1689 565 1770 588 ona·
1837 566 1842 576 ’

1560 601 1612 634 sic
1637 611 1787 634 sacrare
1819 599 1955 633 laribus
1985 602 2072 633 diem
2106 603 2180 634 Val.
2211 603 2354 646 Flaccus
2374 588 2446 649 Ι111,
2471 609 2557 648 175.
2585 616 2643 641 sa·

1548 658 1667 680 >crare
1697 648 1861 680 honorem
1886 647 2005 688 Virgil.
2037 649 2124 690 XII,
2159 649 2237 681 140.
2269 651 2313 681 etv
2337 651 2644 694 Prudentiusfflsy·

1561 695 1669 726 chom.
1701 703 1734 725 v.
1767 695 1847 725 891.
1903 693 1970 725 Sed
2007 703 2084 725 eum
2114 695 2198 726 haee
2231 696 2426 737 conjectura
2451 708 2474 731 a
2497 700 2644 740 vulgatis

1559 741 1660 772 nimis
1690 740 1792 779 longe
1822 740 1943 781 abeat,
1987 740 2121 772 retineo
2147 742 2183 773 in
2207 743 2375 774 contextu
2399 746 2494 776 acies
2516 755 2644 778 narra-

1564 788 1648 818 bat:
1670 784 1718 817 ita
1740 790 1853 817 tamen
1875 789 1914 815 ut
1937 786 2082 818 maxime
2105 788 2238 826 placeat
2263 790 2469 831 referebat..

1609 841 1643 863 v.
1667 834 1722 863 66.
1769 831 1854 863 Sive
1871 837 2053 864 catenatos
2074 834 2217 866 Bromio
2237 830 2487 866 aerumnas-r
2509 835 2642 877 Inaoaeq

1562 877 1688 910 Nescio
1711 876 1791 916 quid
1813 876 1856 908 sit
1881 878 2066 909 detrahere
2088 880 2205 912 Indos.
2237 887 2334 912 Usus:
2357 880 2545 914 detraxit?
2580 881 2644 914 hoe

1547 924 1654 955 ⁴enim
1681 923 1806 955 dictum
1833 922 1937 953 fuisse
1963 925 2122 962 oportuit.
2166 925 2338 966 conjicio:

1658 969 1739 1000 Sive
1767 974 1948 1000 catenatos
1973 970 2111 1002 Bromio
2136 978 2346 1005 DEVICERAT
2368 971 2487 1004 Indol-

1562 1017 1691 1048 Auctor
1716 1015 1811 1054 Eleg.
1837 1015 1874 1045 in
1900 1014 1982 1046 obit.
2004 1018 2157 1048 Maeceu.
2181 1028 2212 1050 v.
2240 1021 2294 1051 57.

1651 1061 1813 1098 Bacche,
1837 1061 2010 1093 coloratos
2028 1068 2217 1105 postquam
2237 1068 2433 1098 DEVICIMUS
2456 1063 2578 1094 INDOS·

1563 1107 1703 1139 ovidius
1738 1109 1828 1139 Fast-
1853 1109 1914 1147 111,
1937 1108 2016 1139 405.

1653 1155 1801 1185 Interea
1824 1151 1930 1184 Liber
1953 1155 2105 1194 depexos
2132 1156 2286 1188 crinibus
2309 1157 2412 1189 Indos

1698 1201 1851 1240 Vmcrr,
1875 1203 1912 1229 et
1933 1199 2007 1230 Eoo
2029 1202 2125 1232 dives
2148 1203 2193 1233 ab
2219 1204 2301 1235 orbe
2323 1205 2426 1235 redit·

1563 1245 1657 1277 Idem
1679 1247 1819 1277 Metam.
1843 1246 1908 1283 1V,x
1924 1246 1979 1276 20.
2005 1245 2048 1276 de
2072 1247 2221 1280 Baccho:

1842 1289 1968 1322 Oriens
1988 1293 2053 1322 tibi
2072 1300 2201 1324 vie'rus
2228 1295 2384 1334 adusque

1654 1335 1808 1366 Decolor
1832 1341 1985 1367 extremo
2009 1347 2098 1377 qnae
2123 1340 2276 1380 cingitur
2303 1339 2399 1371 India
2428 1337 2561 1381 Gange.

1563 1380 1719 1412 Justiuus
1743 1381 1902 1423 XXVIII,
1937 1383 1969 1412 2.
1996 1383 2038 1414 de
2060 1385 2212 1416 Aetolis:
2241 1387 2302 1427 qui
2319 1385 2505 1416 Alexandri
2528 1381 2646 1423 Magni

1559 1434 1646 1466 post
1672 1428 1805 1458 Persas
1837 1429 2015 1469 [suosque
2045 1437 2245 1472 navxc’ros,
2287 1441 2363 1463 cum
2387 1440 2501 1462 omnes
2525 1439 2647 1461 nomen

1563 1473 1640 1511 ejus
1660 1473 1864 1514 horrerent,
1891 1476 2010 1506 edicta
2033 1479 2242 1514 spreverint.
2288 1477 2372 1509 Vide
2398 1478 2432 1508 et
2455 1474 2551 1508 Ovid.
2572 1477 2646 1507 Art.

1565 1527 1636 1549 Am.
1667 1521 1704 1560 1,
1742 1520 1817 1550 189.
1854 1521 1888 1551 et
1915 1521 2084 1552 Ponticor.
2119 1524 2178 1563 IV,
2203 1526 2234 1554 8.
2260 1531 2293 1554 v.
2318 1525 2374 1555 61.
2420 1524 2521 1554 Potes
2545 1521 2647 1552 ctiam

1563 1565 1678 1604 legere
1704 1564 1903 1606 dejecerat,
1934 1575 1978 1596 ex
2004 1567 2190 1598 Claudiano
2213 1569 2255 1599 de
2278 1568 2392 1612 quen.
2419 1570 2495 1600 Get.
2515 1572 2547 1600 v.
2569 1567 2646 1600 1⁶4.

1785 1611 1918 1649 qualem
1940 1611 2088 1643 Stilicho
2114 1620 2314 1645 nsssennn*
2336 1614 2481 1656 hostem,

1660 1654 1816 1686 Thraces
1841 1661 1876 1686 et
1897 1656 2087 1689 Haemonii
2098 1664 2266 1697 poterunt
2291 1659 2467 1701 *Moesique
2479 1659 2608 1701 fateri.

1565 1700 1648 1731 Tale
1677 1700 1812 1739 aliquod
1843 1703 1982 1733 verbum
2005 1703 2212 1744 requiritur3
2255 1705 2322 1736 nisi
2347 1705 2492 1745 proferri
2514 1705 2646 1745 possint

1566 1747 1723 1784 exempla
1751 1746 1889 1784 hujusce
1929 1748 2183 1787 significationis
2213 1750 2278 1784 τοῦ
2298 1751 2501 1784 detrahere.-
2532 1751 2647 1792 qualia

1565 1800 1634 1822 non
1661 1790 1768 1822 adhuc
1794 1790 1923 1822 inveni.
2230 1831 2235 1835 Ι

1611 1844 1644 1865 v.
1668 1837 1725 1866 69.
1886 1844 2076 1879 suasoque
2099 1848 2146 1871 ez·
2170 1841 2306 1882 agmine
2330 1841 2498 1881 lauduna]
2543 1843 2647 1874 Prae·

1566 1880 1667 1912 cessit
1699 1890 1730 1912 v.
1771 1882 1826 1913 63.
1860 1889 2009 1915 massas
2038 1890 2196 1917 verterat
2229 1887 2351 1927 nrbes,
2384 1896 2419 1918 v.
2444 1889 2501 1919 67.
2522 1895 2646 1920 Maesa

1564 1927 1751 1966 Babylona
1775 1928 1977 1969 refregerat
1988 1929 2108 1971 laasta,
2132 1940 2164 1961 v.
2193 1934 2247 1963 71.
2274 1940 2419 1964 MAGNOS
2436 1935 2532 1977 fatis
2551 1943 2647 1966 rum-

1561 1974 1722 2014 pentibus
1759 1978 1873 2004 actus.
1920 1975 2014 2006 Haec
2038 1976 2152 2008 omnia
2174 1979 2242 2008 tam
2270 1978 2363 2009 brevi
2389 1978 2569 2011 intervallo
2591 1981 2646 2013 lo-

1567 2021 1643 2050 cata
1672 2028 1834 2050 nauseam
1868 2023 2014 2052 movent.
2071 2023 2203 2061 Optime
2238 2024 2437 2057 conveniret
2459 2033 2647 2069 TANTOque

1565 2075 1613 2097 ex
1636 2067 1794 2107 agmine,
1819 2066 1857 2096 ut
1882 2066 1984 2098 Theb.
2007 2067 2070 2104 xi,
2093 2071 2173 2100 720.
2362 2062 2376 2085 ‘

1841 2110 1900 2142 hic
1923 2115 2093 2153 qnondam
2116 2115 2201 2146 solio
2225 2115 2383 2147 sublimis
2407 2122 2443 2148 et
2463 2119 2577 2157 armis

1655 2155 1785 2195 septus
1806 2166 1901 2196 opem
1930 2161 2066 2191 miseris
2094 2165 2131 2191 et
2146 2160 2255 2201 jura,
2284 2164 2485 2200 potentibus
2511 2172 2644 2204 aequus

1654 2203 1959 2247 Supplicibnsqne,
2010 2207 2122 2238 dabat
2127 2215 2144 2246 ,·
2199 2209 2259 2238 cui
2287 2217 2381 2239 nunc
2417 2217 2464 2241 ex
2509 2210 2644 2251 agmine

1782 2256 1907 2280 ‘raum
2504 2257 2506 2259 '

1658 2290 1739 2324 Una
1764 2304 1901 2326 comes.-

1561 2335 1610 2368 ita
1632 2338 1834 2379 legendum;
1871 2341 1995 2381 vulgo,
2014 2342 2234 2381 petentibus,
2258 2352 2403 2383 aequus.
2424 2343 2569 2388 optime,
2589 2344 2644 2377 In-

1564 2393 1687 2426 quam,
1733 2387 1932 2418 conveniret
1951 2392 2085 2428 fanto,
2127 2387 2192 2418 nisi
2217 2389 2306 2426 quod
2328 2397 2396 2420 vox
2420 2395 2560 2431 tamnus
2587 2401 2643 2423 se-

1566 2430 1680 2469 quitur
1722 2441 1821 2464 versu
1852 2433 2018 2472 proximo.
2071 2433 2262 2472 Dispiciant
2302 2435 2392 2466 acuti
2429 2436 2506 2474 quid
2539 2445 2643 2477 repo-

1564 2478 1713 2508 nendum
1751 2479 1795 2510 sit
1830 2489 1891 2518 pro
1929 2489 2053 2520 magno
2062 2488 2078 2518 ‚-
2121 2479 2167 2510 ibi
2201 2480 2289 2510 enim
2319 2481 2403 2511 latet
2433 2482 2642 2521 depravatio.

1564 2531 1664 2555 ‘ro-ro
1697 2523 1796 2555 nimis
1827 2526 1928 2565 longe
1962 2525 2090 2556 recedit
2123 2535 2145 2556 a
2175 2526 2322 2564 vulgata.
2358 2527 2495 2566 propius
2531 2531 2584 2560 est
2608 2532 2643 2563 et

1565 2579 1642 2601 meo
1683 2569 1812 2608 judicio
1854 2571 1969 2602 verius
2008 2578 2191 2610 roseoque
2232 2580 2279 2601 ex
2315 2575 2450 2613 agmine
2490 2573 2643 2608 lauduni.

1564 2616 1702 2647 Tacitus
1724 2617 1845 2648 Anual.
1872 2619 1918 2648 II.
1935 2619 2064 2659 fessas
2097 2616 2235 2647 Ga‘llias
2260 2619 2499 2651 ministrandis
2521 2625 2643 2662 equis.-

1564 2669 1712 2693 LONGUM
1736 2663 2051 2702 impedimentorum
2073 2671 2214 2702 agmen,
2259 2668 2489 2703 opportunum
2511 2668 2561 2698 ad
2585 2671 2644 2701 in..

1561 2709 1694 2748 sidias,
1717 2708 1985 2749 defensantibus
2009 2710 2174 2748 iniquum.
2224 2707 2499 2749 occupationum
2520 2722 2644 2755 agmen

1561 2754 1648 2794 apud
1674 2753 1820 2784 Plinium
1845 2754 1951 2793 Epist.
1978 2755 2021 2793 ll,
2050 2757 2081 2785 8.
2108 2754 2247 2785 Ovidius
2272 2757 2353 2788 Met.
2381 2759 2456 2799 vn,
2482 2759 2561 2790 624.

1649 2795 1727 2829 Hie
1749 2809 1812 2831 nos
1837 2800 2044 2842 frugilegas
2069 2802 2295 2840 «esperimus
2320 2803 2454 2843 agmine
2475 2811 2596 2840 Loemo

1654 2844 1797 2876 Grande
1818 2856 1904 2877 onus
1929 2848 2053 2886 eriguo
2073 2848 2248 2889 formicas
2271 2857 2331 2880 ore
2352 2854 2523 2891 gerentes.

1560 2891 1816 2923 Commutantur
1841 2891 1905 2923 bae
1926 2901 2031 2923 voces
2052 2893 2139 2932 apud
2167 2893 2310 2924 eundem
2334 2897 2416 2926 Met.
2442 2896 2534 2938 XIV,
2560 2899 2638 2930 808.

1559 2935 1617 2966 ubi
1650 2946 1711 2976 pro
1743 2939 1956 2981 fundamine
1989 2946 2110 2969 quso
2144 2939 2212 2970 duo
2244 2939 2323 2971 libri
2354 2941 2478 2973 habent
2506 2949 2639 2975 ιοιωο.

1557 2983 1655 3013 Vers.
1681 2985 1739 3014 70.
1764 2994 1958 3016 excusasse
1982 2985 2195 3025 triumphos,
2219 2985 2253 3016 id
2281 2988 2333 3018 est
2354 2989 2556 3027 deprecari,
2577 2997 2638 3019 ve·

1557 3030 1652 3059 niam
1682 3034 1802 3068 petere
1833 3032 1875 3062 ob
1913 3030 2089 3062 victoriam
2115 3031 2326 3064 Thebanam:
2371 3033 2450 3072 quis
2471 3033 2637 3064 nei-eules

1556 3074 1732 3105 Thebanus
1773 3075 1846 3107 fuit.
1908 3078 2005 3108 Hanc
2049 3077 2184 3116 phrasin
2226 3078 2324 3109 unice
2357 3078 2505 3110 illustrat
2535 3078 2635 3111 ovid.

1554 3120 1694 3152 Heroid.
1718 3123 1762 3163 11,
1790 3124 1844 3154 77.
1870 3123 1927 3153 ubi
1957 3123 2080 3161 Phyllis
2106 3122 2355 3162 Demophoonti
2380 3123 2472 3164 dicit,

1647 3168 1747 3206 Quod
1766 3169 1874 3200 solum
1900 3171 2061 3208 excusat,
2091 3170 2198 3199 solum
2229 3171 2373 3199 miraris
2396 3170 2436 3199 in
2460 3167 2543 3200 etto.-

1555 3211 1643 3251 quod
1667 3214 1774 3245 solum
1799 3218 1897 3254 pater
1921 3217 1999 3247 tuus
2022 3214 2173 3246 Theseus
2195 3213 2362 3253 culpabile
2385 3213 2499 3253 ducit,
2533 3215 2569 3247 et
2591 3215 2634 3253 ob
