2892 3840
1080 487 1625 535 PRAEFA'rro.
2384 496 2478 532 xm

239 598 379 655 lium,
412 593 671 643 Gronovio
702 590 934 653 contigit3
974 587 1089 647 hoc,
1118 588 1394 653 (accurate
1428 589 1571 650 dico)
1601 589 1699 637 vi‘x
1724 586 1815 634 uni
1845 594 1898 634 et
1923 585 2096 643 alteri,
2142 583 2277 648 quod
2306 585 2478 644 sciam,

237 667 409 726 (vivos
441 663 579 711 enim
615 667 906 725 praetereo,
935 665 1111 722 utpote
1137 672 1263 722 quos
1299 656 1527 705 Libitina
1550 656 1777 705 nondum
1814 654 2109 711 sacraverit)
2140 660 2342 716 praeter
2369 653 2474 701 Nic.

233 732 526 789 Heinsium,
558 744 738 780 verum
780 726 971 776 Phoebi
1010 726 1284 784 alumnum,
1324 733 1375 773 et
1406 724 1655 790 Calliopes
1702 727 1816 773 sinu
1845 724 2172 773 innutritum:
2216 723 2300 786 qui
2338 722 2479 770 aliud

233 816 387 864 agens
414 814 576 865 paene
614 798 760 861 plura
787 796 919 853 loca,
943 802 1076 844 certe
1107 795 1403 852 difficiliora,
1443 796 1497 842 in
1529 794 1608 842 his
1639 794 1795 843 Silvis
1823 793 2074 850 restituit,
2113 806 2265 855 quam
2302 805 2478 838 omnes

234 871 320 919 alii
351 869 501 917 simul
540 866 695 914 sumti
735 864 1012 930 (Gronovio
1053 867 1288 928 excepto)
1325 866 1411 927 qui
1453 878 1522 910 ex
1559 863 1787 926 professo
1827 860 2131 909 insudarunt
2169 860 2286 906 huic
2322 860 2477 922 operi.

232 953 326 986 nec
355 937 531 986 dubito
556 936 679 998 quin
706 933 864 981 multo
891 932 1038 995 plura
1064 932 1257 979 lateant
1283 933 1338 979 in
1367 933 1593 993 margine
1620 931 1943 994 Exemplaris
1975 930 2106 992 ejus;
2134 926 2271 992 quod
2298 943 2329 975 a
2354 927 2479 974 Bur-

234 1021 421 1054 manno
452 1003 716 1066 aliquoties
749 1001 957 1048 citatum
987 1000 1168 1056 video,
1206 999 1322 1046 Not.
1365 1000 1433 1047 ad
1472 999 1737 1059 Ovidium3
1779 1007 1831 1046 et
1864 1000 2098 1046 meminit
2138 997 2384 1046 Graevius
2421 998 2476 1043 in

232 1075 394 1138 Epist.
431 1072 502 1120 ad·
526 1069 838 1124 Bentleium,
871 1066 987 1114 Not.
1019 1067 1086 1112 ad
1113 1065 1286 1112 Horat.
1316 1065 1480 1113 Car-m.
1515 1069 1554 1123 I,
1583 1071 1665 1113 23.
1698 1084 1747 1115 v.
1779 1071 1822 1114 5.
1885 1067 1988 1114 Nec
2019 1075 2190 1113 tamen
2226 1065 2319 1112 hoc
2350 1064 2473 1112 Gro-

228 1142 381 1191 novio
417 1139 546 1188 vitio
593 1134 899 1185 vertendum
939 1133 1199 1191 duxerim;
1251 1148 1354 1179 non
1398 1134 1562 1180 hercle
1601 1137 1761 1194 magis
1804 1150 1954 1196 quam
1992 1134 2127 1198 quod
2168 1133 2347 1180 Gallus
2387 1132 2473 1181 vel

227 1207 515 1258 Britannus
547 1216 653 1251 non
689 1203 864 1260 fuerit3
895 1217 998 1249 non
1029 1202 1189 1263 magis
1218 1215 1367 1264 quam
1402 1201 1536 1265 quod
1574 1201 1892 1266 spectandus
1924 1202 2086 1263 nigris
2115 1201 2271 1249 oculis
2297 1201 2471 1263 migro-

227 1291 324 1341 que
367 1272 551 1339 capillo
596 1272 727 1319 forte
762 1285 867 1317 non
909 1271 1075 1318 fuerit.
1156 1268 1266 1317 Hoc
1306 1271 1442 1317 enim
1482 1269 1671 1317 donum
1714 1277 1792 1317 est
1820 1269 2071 1330 Naturae,
2116 1278 2167 1315 et
2204 1270 2303 1316 illis
2348 1270 2470 1316 solis

226 1344 436 1405 contigit
465 1356 589 1406 quos
630 1339 911 1388 Naso-entes
931 1337 1139 1404 placido
1170 1338 1356 1386 lumine
1395 1338 1582 1385 viderit
1616 1339 1951 1402 Melpomene.
2019 1337 2177 1384 Multo
2207 1337 2386 1383 altiora
2417 1345 2470 1383 et

225 1414 356 1461 forte
383 1410 587 1459 utiliora
613 1409 761 1458 novit
788 1414 841 1454 et
875 1407 1098 1454 excoluit
1127 1406 1215 1454 Yir
1241 1407 1325 1454 ille
1356 1423 1477 1455 vere
1499 1407 1781 1466 Maximus5
1829 1421 2038 1470 quorum
2068 1407 2333 1452 innumera
2357 1419 2469 1467 spe-

225 1482 410 1529 cimina
447 1477 659 1525 exhibet
694 1478 750 1523 in
777 1476 1033 1539 praeclara
1060 1475 1299 1522 De’atribe
1339 1489 1391 1524 in
1437 1475 1602 1522 State?
1638 1476 1832 1524 Silvas:
1880 1478 1936 1523 in
1967 1489 2064 1538 quo
2105 1482 2277 1521 tamen
2314 1487 2466 1536 opere

223 1549 382 1596 multa
412 1546 480 1595 ad
512 1548 775 1610 poetarum
807 1545 942 1592 locos
974 1545 1253 1606 spectantia
1279 1552 1541 1602 mutasset,
1573 1554 1653 1593 sat
1679 1547 1809 1603 scio,
1851 1544 2118 1600 Heinsius,
2157 1543 2202 1589 si
2235 1541 2303 1588 ad
2329 1541 2467 1588 illius

215 1617 462 1679 judicium
494 1629 576 1662 res
609 1615 790 1661 fuisset
817 1612 1084 1674 exigenda.
1151 1612 1362 1670 Interea,
1390 1613 1510 1660 inde
1542 1629 1597 1661 se
1629 1616 1783 1662 solari
1811 1620 1979 1677 potest
1997 1611 2298 1667 Gronovius,
2331 1608 2465 1672 quod

222 1685 315 1732 hoc
344 1684 557 1743 (nescio
574 1697 641 1729 an
670 1682 835 1729 dicam
864 1680 1232 1744 infortunium)
1269 1696 1533 1729 commune
1560 1682 1793 1731 habuerit
1819 1697 1932 1731 cum
1959 1681 2091 1728 Viris
2122 1681 2176 1725 iu
2206 1679 2318 1731 aliis
2341 1678 2465 1724 Eru-

221 1752 428 1800 ditionis
455 1751 683 1816 partibus
717 1751 862 1812 longe
899 1750 1124 1797 summis.
1194 1748 1326 1797 Hinc
1362 1751 1516 1797 etiam
1549 1767 1603 1799 se
1632 1753 1763 1799 tueri
1801 1759 1986 1816 potest,
2019 1748 2154 1814 quod
2182 1748 2306 1798 haec
2340 1746 2466 1792 ΒΙΑ-

221 1833 371 1868 ΤΒΙΒΕ
411 1819 638 1885 prr-‘mum
680 1820 787 1881 ejus
826 1825 1111 1874 tentamen,
1151 1825 1203 1864 et
1240 1834 1364 1881 opus
1390 1819 1617 1880 juvenile
1656 1821 1776 1867 fuit:
1816 1820 2043 1880 jllvenile
2081 1819 2285 1883 quidem
2322 1813 2466 1871 illud,

220 1889 312 1938 sed
343 1889 606 1936 GRoNovll
633 1888 855 1948 juvenis,
887 1895 939 1934 et
976 1887 1122 1949 quale
1155 1900 1258 1931 non
1288 1886 1561 1949 perfectius
1601 1887 1859 1934 elaborare
1900 1890 2158 1949 potuerint
2195 1889 2342 1935 multi
2381 1883 2466 1946 qui

218 1957 354 2006 hisce
394 1957 552 2003 literis
594 1962 753 2002 totam
793 1962 1012 2003 aetatem
1051 1953 1420 2016 impenderunt.
1461 1956 1614 2001 etiam
1659 1970 1852 2002 errores
1889 1957 2037 2003 istius
2078 1956 2183 2003 viri
2223 1956 2463 2019 quiddam

218 2025 465 2073 eruditius
492 2024 682 2071 habent
709 2039 857 2085 quam
889 2022 1100 2069 aliorum
1130 2020 1490 2085 διορθώματα.
1561 2023 1629 2069 Et
1661 2024 1715 2069 in
1746 2025 2054 2081 universum,
2093 2024 2189 2071 hoc
2219 2026 2361 2087 quasi
2392 2033 2464 2070 ex

217 2093 405 2141 Phoebi
445 2091 643 2156 tripode
687 2093 890 2139 effatum
930 2105 1098 2147 sume,
1145 2090 1415 2153 Nunquam
1456 2090 1788 2139 interituram
1839 2107 1943 2139 esse
1990 2108 2164 2139 veram
2219 2091 2461 2139 eruditio-

220 2176 349 2220 nem,
389 2160 547 2208 donec
597 2159 845 2207 Gronovt't'
870 2175 1028 2224 opera
1077 2158 1323 2220 legentur.

439 2229 511 2277 At
541 2229 875 2292 periculosum
917 2235 1026 2275 erat
1063 2243 1094 2275 a
1121 2235 1262 2275 tanto
1291 2227 1410 2276 Viro
1456 2228 1738 2275 dissentire.
1820 2229 1943 2277 Erat
1980 2229 2207 2293 quidem:
2252 2228 2359 2287 sed,
2405 2236 2463 2276 ut

217 2305 366 2361 puto,
394 2296 571 2344 ducem
590 2297 855 2344 Rationem
885 2296 1151 2360 sequebar;
1191 2297 1330 2358 cujus
1359 2298 1462 2355 rei,
1493 2296 1601 2355 Tu,
1634 2297 1837 2356 Lector,
1868 2300 2168 2346 constitutus
2199 2314 2252 2346 es
2273 2297 2459 2345 Judex.

216 2367 285 2413 Et
321 2364 444 2429 quid
477 2364 724 2411 facerem?
761 2365 903 2422 hinc,
939 2372 996 2411 ut
1027 2365 1151 2411 mihi
1180 2364 1478 2424 videbatur,
1518 2368 1659 2414 stetit
1691 2365 1887 2414 Veritas
1899 2383 1911 2425 ;
1958 2367 2113 2424 illinc,
2160 2368 2458 2415 Gronovius.

218 2449 348 2481 anne
379 2432 593 2479 difficilis
624 2432 833 2478 electio?
869 2432 1122 2479 Gronovio
1142 2441 1292 2489 certe,
1328 2437 1653 2496 quantumvis
1687 2450 1889 2496 magn0,
1916 2437 2076 2497 major
2106 2436 2316 2483 Veritas.
2353 2434 2459 2482 Nee

216 2503 431 2567 cuipiam
457 2515 676 2564 unquam
706 2499 871 2546 fraudi
891 2500 988 2545 fuit
1016 2515 1046 2545 a
1076 2501 1311 2563 quopiam
1341 2515 1452 2547 cum
1477 2503 1689 2549 Ratione
1725 2503 2049 2561 dissensisse;
2087 2504 2383 2567 praesertim
2403 2503 2461 2549 in

214 2571 294 2618 his
324 2569 543 2627 Studiis;
580 2570 635 2615 111
669 2568 846 2631 quibus
877 2582 981 2613 non
1009 2566 1076 2614 ad
1094 2567 1383 2614 Formulam
1416 2569 1799 2631 adstringimur,
1843 2579 1895 2617 et
1921 2570 2060 2617 idem
2091 2571 2180 2618 Jus
2214 2578 2292 2617 est
2317 2570 2458 2618 Mae-

213 2641 300 2688 vio
329 2638 464 2703 quod
486 2637 634 2685 Titio.
677 2637 810 2684 absit
834 2634 986 2684 modo
1016 2635 1188 2693 Livor,
1225 2644 1276 2684 et
1302 2636 1584 2684 Petulantia
1594 2653 1607 2696 ;
1638 2652 1848 2701 quorum
1878 2653 2055 2686 causas
2081 2639 2251 2704 procul
2279 2639 2455 2686 habeo.

214 2706 383 2755 Etiam
415 2707 478 2755 ab
507 2708 620 2769 ipso
642 2706 854 2752 Heinsio
884 2705 1178 2767 saepissime
1208 2706 1263 2752 in
1292 2704 1385 2752 hoc
1416 2720 1567 2768 opere
1602 2706 1869 2754 dissentio:
1906 2722 1999 2755 nec
2029 2715 2201 2756 tamen
2227 2715 2455 2772 propter-

218 2789 278 2822 ea
311 2775 396 2824 vel
430 2775 494 2822 de
525 2774 614 2822 Illo
651 2775 811 2838 pejus,
852 2774 939 2822 vel
977 2772 1041 2819 de
1074 2775 1267 2838 meipso
1306 2774 1485 2822 melius
1527 2777 1780 2822 existimo.

434 2842 592 2890 Moles
637 2843 784 2904 hujus
832 2841 1111 2889 Voluminis
1155 2843 1351 2890 obstitit
1387 2858 1484 2906 quo
1526 2845 1693 2891 minus
1729 2843 1931 2892 ederem
1981 2847 2288 2908 praeclaram
2328 2844 2458 2893 hanc

214 2911 459 2959 Gronovii
490 2910 770 2967 Diatriben,
803 2911 962 2974 (cujus
994 2912 1307 2975 exemplaria
1334 2912 1441 2973 jam
1477 2913 1669 2960 rariora
1702 2914 1834 2976 sunt)
1870 2922 1922 2961 et
1954 2915 2105 2961 simul
2133 2914 2453 2977 Papinianus

213 2979 477 3027 Lectiones
510 2977 624 3025 Jani
660 2976 885 3042 Casperii
920 2979 1167 3038 Gevartii,
1199 2980 1530 3028 cultissimum
1566 2997 1717 3046 opus,
1755 2990 1807 3029 et
1850 2984 2061 3030 eruditis
2099 2983 2226 3030 bene
2260 2989 2452 3030 notum.

215 3055 267 3095 61
306 3049 424 3096 licet
477 3047 746 3095 Gevartius
802 3047 858 3092 in
883 3047 956 3095 Re
992 3045 1176 3096 Critica
1203 3048 1330 3095 nihil
1365 3049 1517 3096 fuerit
1550 3051 1617 3098 ad
1651 3051 1994 3107 Gronovium,
2036 3052 2246 3097 feliciter
2282 3058 2454 3097 tamen

211 3118 265 3164 in
300 3116 394 3164 hoc
430 3131 580 3180 opere
609 3122 840 3164 versatus
877 3123 978 3171 est,
1025 3123 1077 3161 et
1111 3116 1327 3163 Statium
1362 3117 1638 3165 luculenter
1674 3118 1977 3180 explicavit,
2026 3126 2079 3165 et
2110 3134 2214 3167 non
2251 3132 2366 3167 raro
2399 3134 2451 3165 e-

211 3184 495 3233 mendavit:
531 3192 590 3232 ut
617 3183 831 3248 proinde
862 3184 1075 3230 multum
1109 3183 1182 3229 illi
1219 3183 1439 3231 debeant
1471 3185 1777 3248 Papinianae
1802 3185 2039 3234 Litterae.
2106 3188 2298 3237 Barthii
2325 3187 2449 3235 Edi-

211 3254 401 3302 tionem
439 3253 589 3302 Statii
626 3251 853 3301 nondum
899 3250 1035 3302 vidi:
1079 3259 1273 3316 septem
1324 3260 1492 3301 tamen
1528 3255 1610 3302 vel
1648 3262 1759 3301 octo
1794 3255 2176 3305 emendationes
2214 3264 2361 3322 (quae
2390 3259 2447 3305 in

208 3321 343 3369 Edit.
374 3322 564 3371 varior.
603 3321 946 3388 occurrebant)
974 3335 1159 3386 parvas
1187 3320 1412 3385 quidem,
1437 3321 1529 3370 sed
1558 3322 1884 3383 indubitataS,
1910 3325 2109 3374 admisi.
2139 3327 2445 3382 Bernartius,
