2892 3840
379 403 477 454 194
1191 403 1377 452 NOTAE
1396 417 1465 452 AD
1483 405 1587 453 Lm.
1614 405 1647 452 1.
1676 408 1721 453 3.
2240 404 2243 405 ⁷
2508 431 2606 480 943

379 530 543 563 Marciam
571 541 601 563 e.
623 532 668 563 X.
695 532 868 571 Quicquid
891 536 946 563 est
967 530 1041 569 hoc,
1068 528 1219 569 Marcia,
1247 531 1339 570 quod
1360 532 1461 562 circa

379 586 443 609 nos
466 587 513 609 ea·
535 579 728 609 adventitio
745 578 883 620 fulget,
918 578 1039 611 liberi,
1062 575 1211 605 honores
1223 595 1234 611 ,
1261 585 1365 615 opes,
1391 586 1463 608 am-

380 623 437 662 pla
461 623 548 656 atria
577 626 641 655 etc.
688 623 890 656 Claudianus
915 622 951 652 in
975 621 1082 651 Rufin.
1108 622 1160 661 11,
1190 623 1264 654 135.

471 680 560 718 Quid
583 690 673 711 nune
701 681 859 716 divitiae,
886 677 962 715 quid
981 677 1086 719 fulvi
1106 682 1211 708 vasta
1237 677 1372 710 metalli

472 728 677 768 Congeries,
704 724 782 763 quid
804 725 996 762 purpureis
1023 723 1150 763 effulta
1176 724 1345 755 columnis

467 772 585 810 Atria,
607 772 810 811 prolataeve
831 769 964 807 juvant
992 770 1042 799 ad
1068 770 1191 800 sidera
1214 767 1347 800 moles?

378 837 474 866 quem
507 829 616 859 locum
651 826 780 857 adduco
821 827 857 855 ut
882 826 998 856 videas
1023 835 1142 856 verum
1168 834 1241 856 esse
1274 825 1363 864 quod
1390 823 1461 855 dixi

378 873 420 903 de
445 883 528 905 voce
554 873 639 913 quid
660 872 756 902 initio
781 872 970 902 sententiae
994 871 1117 910 posita.
1165 872 1358 912 Ausonius,
1404 870 1461 910 qui

377 920 520 958 plurima
553 920 630 948 loca
664 917 763 956 hujus
796 917 945 956 Eclog-gae
980 917 1017 948 in
1041 918 1217 949 Mosellam
1247 927 1341 948 suam
1366 918 1462 948 tran-

378 964 532 1004 scripsit,
558 964 645 994 hunc
672 973 805 1002 quoque
838 964 974 994 videtur
1000 965 1078 994 ante
1104 965 1223 995 oculos
1247 963 1403 995 habuisse
1427 973 1460 996 v.

465 1056 585 1085 ATmA
608 1053 686 1092 quid
711 1062 893 1085 memorem
921 1056 1154 1086 viridantibus
1180 1055 1304 1086 adsita
1322 1057 1458 1094 pratis,

466 1099 731 1140 Innumerisque
753 1109 860 1139 super
882 1103 1046 1133 nutantia
1074 1103 1164 1132 tecta
1190 1100 1387 1132 columnis?

376 1157 565 1189 Dt'stantia
594 1162 709 1194 tecta,
746 1158 895 1196 paribus
935 1158 1131 1199 trichoris,
1180 1157 1214 1188 id
1239 1160 1308 1198 est,
1355 1159 1457 1189 aedes

374 1203 455 1234 licet
481 1203 654 1235 distantes
678 1206 712 1234 et
735 1203 871 1235 flumine
897 1204 1042 1242 divisas,
1081 1207 1193 1235 tamen
1216 1206 1368 1244 paribus
1396 1207 1458 1236 tri-

377 1249 508 1291 choris,
532 1249 629 1289 paria
655 1251 689 1280 et
711 1249 834 1281 similia
856 1251 1018 1282 habentes
1044 1251 1203 1281 trichora
1222 1260 1280 1281 seu
1304 1251 1456 1290 fastigia:

377 1295 496 1334 quibus
531 1294 644 1327 verbis
683 1292 747 1337 τὴν
776 1297 986 1340 συμμετρίαν
1020 1296 1116 1336 hujus
1162 1296 1269 1328 villae
1304 1297 1459 1336 designat

378 1341 516 1374 Statius.
572 1341 736 1373 Morellus
770 1344 865 1373 notat
900 1345 940 1375 V.
970 1345 1006 1374 C.
1029 1342 1265 1385 adscripsisse,
1307 1343 1461 1375 Fortean

378 1388 442 1429 leg.
478 1389 634 1429 trigonis.
691 1389 756 1419 Pro
791 1394 887 1420 tecta
919 1391 993 1420 Vet.
1029 1390 1098 1420 Cod
1144 1389 1243 1420 habet
1269 1395 1373 1421 testa.
1401 1392 1462 1422 Se-

379 1435 510 1474 quitur,
552 1433 671 1464 mediis
709 1440 855 1466 servata
891 1435 1068 1474 penatibus
1093 1437 1227 1474 Arbor;
1274 1445 1317 1467 ex
1343 1437 1459 1476 Virgil.

379 1478 463 1511 Aen:
486 1480 560 1520 vu,
581 1481 636 1511 59.
844 1503 846 1506 ,

469 1523 612 1556 Laurus
639 1529 722 1554 erat
745 1527 834 1556 tecti
856 1524 978 1566 medio,
1007 1528 1045 1557 in
1065 1527 1308 1564 penetralibus
1332 1527 1434 1567 altis,

470 1571 587 1602 Sacra
621 1580 772 1608 comam,
811 1572 1003 1612 multosque
1028 1577 1122 1603 metu
1145 1575 1280 1603 servata
1303 1582 1369 1612 per
1395 1583 1460 1604 an-

599 1625 676 1648 nos.

378 1670 449 1693 non
483 1660 588 1700 igitur
621 1671 705 1701 opus
734 1662 784 1692 est
810 1662 848 1692 ut
875 1662 1025 1702 legamus
1049 1665 1173 1695 mediis
1198 1665 1298 1694 enata
1322 1665 1462 1702 penati-

379 1708 454 1738 bus.
499 1707 652 1748 Deinde,
684 1708 788 1738 Tecta
808 1718 875 1747 per
899 1714 934 1740 et
953 1714 1086 1749 postes.
1109 1710 1157 1741 ita
1183 1710 1358 1749 conjungit
1382 1710 1461 1742 Ovi-

380 1753 455 1784 dius
478 1755 609 1785 Fastor.
636 1755 695 1784 111.

519 1801 733 1839 Conspicuos
760 1799 873 1837 postes
897 1800 1053 1839 tectaque
1080 1802 1186 1842 digna
1213 1801 1301 1832 Deo.

380 1855 446 1887 Sed
470 1864 539 1887 non
564 1856 665 1887 nimis
690 1855 800 1893 placet
822 1854 886 1884 hoc
918 1855 1015 1886 loco:
1042 1858 1227 1894 praecessit
1252 1857 1339 1888 enim
1365 1862 1462 1889 tecta

377 1901 554 1942 tric-horis,
603 1904 637 1933 et
674 1901 859 1939 periculum
887 1903 941 1931 est
963 1911 1006 1932 ne
1031 1903 1080 1932 bis
1109 1902 1196 1934 idem
1226 1904 1336 1942 dicat3
1382 1904 1461 1943 quid

379 1948 434 1987 te,
474 1949 501 1978 0
534 1948 664 1987 Arbor,
706 1956 790 1985 quae
824 1950 959 1978 servata
984 1948 1103 1978 mediis
1128 1952 1254 1991 tectis,
1299 1950 1335 1981 in
1359 1958 1461 1981 auras

379 1992 522 2032 emergis
552 2003 613 2032 per
635 1995 748 2033 postes
774 1995 807 2022 et
830 1991 950 2024 tecta?
979 2004 1021 2025 an
1050 1995 1213 2037 scripsit,

468 2041 561 2071 Saxa
579 2049 646 2080 per
671 2044 707 2069 et
726 2044 872 2078 postes:

377 2085 560 2117 Suetonius
583 2088 667 2126 Aug.
694 2095 722 2115 e.
749 2086 805 2116 92.
832 2084 988 2115 Enatam
1009 2087 1104 2116 inter
1117 2086 1294 2125 juncturas
1312 2087 1461 2125 lapidum

377 2136 460 2162 ante
494 2133 626 2163 domum
665 2141 766 2162 suam
803 2131 959 2170 palmam
995 2133 1031 2162 in
1066 2134 1298 2174 compluvium
1322 2135 1462 2164 deorum

376 2176 562 2209 Penatium
586 2178 784 2209 transtulit.
829 2177 891 2207 Vel
916 2177 1042 2219 potius,

466 2223 580 2254 Trous
603 2233 669 2263 per
699 2229 735 2255 et
754 2229 889 2264 postes,

377 2267 415 2298 ut
437 2268 572 2301 Lucret.
596 2272 639 2300 11.

467 2316 540 2347 Nec
563 2326 638 2346 cum
665 2315 859 2345 subsiliunt
883 2317 980 2354 ignes
1001 2323 1068 2352 per
1090 2318 1182 2346 tecta
1205 2315 1391 2352 domorum,

467 2360 520 2392 Et
544 2363 649 2392 celeri
661 2359 812 2400 flamma
834 2362 1021 2401 degustant
1044 2367 1152 2391 '1⁸1ch
1177 2363 1368 2400 trabesque.

376 2403 412 2436 Si
445 2408 601 2438 neutrum
640 2408 795 2447 placeat,
835 2409 868 2437 et
905 2406 932 2436 si
968 2406 1051 2436 nihil
1082 2409 1274 2438 mutandum
1303 2415 1458 2447 censeas,

375 2460 445 2481 non
474 2454 685 2485 contendam.
731 2453 815 2483 Vide
837 2455 948 2484 tamen
974 2452 1149 2483 Heinsium
1173 2455 1215 2485 ad
1241 2454 1338 2485 Ovid.
1365 2456 1456 2485 Fast.

376 2498 444 2539 IV,
491 2500 568 2532 233.
601 2501 658 2531 ubi
692 2500 767 2530 fuse
803 2499 844 2530 de
880 2499 1140 2530 commutatione
1179 2499 1245 2533 τῶν
1280 2509 1400 2532 TECTA
1425 2502 1459 2530 et

376 2550 497 2578 TIGNA.
523 2548 649 2577 Verum
675 2547 754 2584 puto
782 2546 894 2576 TIGNA
915 2556 982 2585 per
1006 2551 1041 2576 et
1057 2550 1188 2585 postes.

419 2589 492 2634 Ην.
518 2594 574 2625 62.
630 2592 677 2622 Et
704 2602 795 2622 nunc
817 2592 935 2631 ignaro
954 2593 1089 2634 forsan
1116 2593 1174 2622 vel
1202 2593 1338 2623 lubrica
1367 2589 1457 2623 Nais

471 2636 537 2667 Vel
557 2647 625 2669 non
651 2639 819 2676 abruptos
846 2639 912 2668 tibi
936 2638 1047 2667 demet
1072 2637 1302 2676 Hamadryas
1326 2640 1455 2677 annos]

378 2680 455 2711 Non
488 2692 571 2721 opus
607 2687 658 2714 est
693 2685 731 2713 ut
757 2683 899 2714 aliorum
927 2683 1145 2721 conjecturas
1170 2683 1204 2713 in
1234 2684 1321 2714 hunc
1347 2684 1458 2713 locum

376 2727 576 2760 refutemus:
613 2729 676 2761 hoc
703 2739 764 2768 pro
789 2730 900 2767 seipso
926 2728 1026 2759 faciet
1053 2729 1199 2769 Statius,
1233 2739 1329 2768 quem
1354 2730 1455 2759 debes

378 2773 512 2805 erudito
539 2775 655 2806 Amico
678 2785 754 2806 meo
779 2776 904 2806 Joanni
927 2775 1061 2806 Jortino
1086 2776 1170 2806 Coll.
1193 2777 1275 2806 Jesu
1297 2777 1454 2807 Cantabr.

375 2819 476 2851 Socio
490 2842 499 2859 ,
527 2821 581 2860 qui
607 2822 654 2853 ita
675 2821 834 2861 restituit,

464 2866 516 2898 Et
538 2878 630 2899 nunc
656 2867 794 2907 ignarae
814 2869 950 2910 forsan
977 2865 1035 2896 vel
1057 2866 1192 2897 lubrica
1215 2866 1305 2898 Ναῒς

472 2913 537 2944 Vel
558 2924 625 2945 non
651 2916 819 2953 abruptos
845 2913 915 2944 tibi
939 2912 1038 2942 debet
1063 2912 1292 2952 Hamadryas
1318 2923 1456 2944 annos.-

376 2954 467 2987 Nihil
488 2959 625 2991 verius:
657 2960 707 2991 Et
729 2969 829 2998 nunc,
851 2958 972 2999 (inquit
996 2957 1138 3001 Statius)
1164 2957 1192 2988 0
1217 2958 1343 2996 Arbor,
1364 2961 1456 2991 Nais

378 3002 502 3042 aliqua
526 3007 627 3047 forte
659 3007 717 3037 vel
738 3007 967 3044 Hamadryas
995 3006 1264 3036 conservationi
1286 3011 1367 3037 tuae
1395 3007 1455 3037 de-

380 3046 436 3077 bet
464 3054 758 3084 continuationem
791 3054 886 3083 vitae
925 3060 1030 3088 suae,
1084 3061 1282 3092 quanquam
1318 3058 1355 3083 tu
1386 3053 1452 3084 hoc

380 3096 531 3125 nescias.
579 3099 756 3130 Veteribus
781 3097 870 3129 enim
893 3106 1091 3136 persuasum
1116 3098 1180 3128 fuit
1206 3099 1306 3138 quod,

467 3140 543 3170 Non
570 3146 647 3174 sine
669 3145 932 3183 Hamadryadis
948 3146 1035 3186 fato
1055 3145 1148 3175 cadit
1170 3146 1320 3175 arborea
1338 3145 1450 3185 trabs,

380 3183 418 3212 ut
441 3182 587 3223 loquitur
610 3190 776 3221 Ausonius
808 3190 905 3229 ldyll.
929 3192 978 3230 V,
1015 3191 1068 3220 75.
1096 3191 1173 3221 Non
1200 3192 1367 3230 abruptos
1392 3201 1452 3221 an-

379 3234 463 3270 nos,
501 3232 536 3262 id
570 3236 622 3265 est
652 3238 892 3267 continuatos.-
938 3235 978 3265 de
1012 3245 1078 3274 quo
1112 3236 1265 3269 Statiano
1292 3237 1451 3277 loquendi

1529 538 1622 562 more
1647 538 1750 569 supra
1780 529 1887 562 fusius
1911 531 1982 564 dixi
2005 533 2049 565 ad
2070 535 2200 575 Equum
2223 537 2348 570 Domit.
2374 549 2406 570 v.
2434 541 2490 572 82.
2515 541 2614 573 debet

1529 581 1567 608 ut
1590 576 1679 607 infra
1706 585 1737 607 v.
1768 578 1822 607 87.
1849 577 1954 610 Sedes
1979 579 2136 622 Phrygio
2155 592 2239 622 quas
2262 587 2358 618 mitis
2384 586 2520 618 alumno

1621 624 1730 653 Debet
1750 631 1854 653 anus.

1531 668 1672 699 Ovidius
1699 668 1782 700 Met.
1811 670 1895 708 vu,
1920 669 1979 700 48.

1749 712 1810 744 tibi
1836 723 1873 745 se
1898 723 2034 755 semper
2057 715 2192 748 debebit
2220 717 2341 750 leison.

1529 758 1695 799 Virgilius
1720 760 1806 790 Aen.
1836 761 1903 800 XI,
1929 763 1983 793 51.

1622 806 1694 836 Nos
1725 805 1887 844 juvenem
1915 809 2138 845 exanimum,
2178 812 2215 839 et
2245 808 2292 840 nil
2309 808 2388 848 jam
2414 810 2612 844 caelestibus

1751 851 1836 882 ullis

1622 895 1829 935 nemmem,
1854 906 1947 928 vano
1972 901 2103 930 maesti
2127 901 2337 931 comitamur
2358 899 2497 932 honore.

1530 940 1589 971 Sil.
1620 940 1757 973 Italicus
1778 942 1866 980 ΧΠ,
1890 945 1969 976 633.

1621 987 1739 1018 Ventis
1766 988 1903 1020 debebis
1936 991 2100 1020 nimirum
2123 989 2310 1031 hiemisque
2330 992 2499 1031 procellis

1628 1032 1762 1070 Unum,
1788 1035 1919 1076 Roma,
1944 1035 2043 1066 diem.

1525 1079 1707 1111 Juvenalis
1736 1082 1839 1122 Vffl,
1866 1083 1921 1113 68.

2021 1127 2173 1166 primum
2193 1128 2333 1168 aliquid
2349 1128 2398 1159 da

1620 1171 1720 1208 Quod
1737 1173 1873 1210 possim
1896 1172 2013 1204 titulis
2037 1174 2213 1211 incidere,
2234 1179 2380 1212 praeter
2405 1174 2568 1213 honores,

1621 1218 1716 1256 Quos
1751 1217 1828 1292 lillis
1862 1219 1984 1250 damus
2019 1225 2054 1252 et
2087 1220 2245 1251 dabimus
2269 1220 2389 1260 quibus
2416 1220 2530 1252 omnia
2554 1221 2614 1252 de-

1699 1268 1701 1270 ·
1776 1271 1823 1295 es.

1527 1304 1575 1337 ita
1600 1306 1802 1346 legendum3
1830 1306 1932 1347 vulgo
1957 1307 2101 1339 absurde
2125 1309 2242 1340 damus
2265 1311 2299 1341 et
2318 1312 2478 1344 dedimus.
2524 1311 2613 1343 Mire

1532 1353 1741 1384 Gronovium
1769 1352 1868 1385 torsit
1892 1353 1944 1384 hic
1969 1355 2088 1395 loeus,
2135 1356 2309 1387 Observat-
2337 1359 2371 1398 1,
2410 1359 2441 1390 5.
2465 1354 2523 1389 ubi
2550 1367 2614 1398 pro

1531 1400 1656 1439 ignaro
1685 1399 1822 1438 conjicit
1847 1401 2027 1442 intactae,
2066 1402 2100 1431 et
2127 1410 2189 1441 pro
2213 1403 2324 1433 demet
2344 1412 2469 1446 annos,
2496 1409 2614 1436 comet.

1529 1447 1634 1476 Vetus
1663 1445 1788 1487 editio,
1815 1446 1993 1477 Bernartio
2017 1448 2128 1487 teste,
2154 1448 2254 1479 habet
2281 1451 2444 1490 ignarae.
2477 1448 2616 1481 Literoe

1529 1501 1562 1521 m
1598 1493 1632 1522 et
1658 1491 1677 1522 b
1702 1494 1768 1522 tam
1796 1491 1924 1523 Latinis
1956 1502 2053 1531 quam
2081 1493 2221 1525 Graecis
2248 1494 2468 1534 scriptoribus
2492 1504 2615 1536 perpe-

1529 1539 1588 1567 tuo
1623 1540 1880 1569 commutantur.
1938 1539 2004 1570 Pro
2036 1549 2130 1571 nune
2162 1540 2268 1572 Editt.
2302 1542 2413 1574 Parm.
2450 1543 2485 1573 et
2518 1542 2615 1575 Rom.

1528 1583 1652 1613 habent
1693 1593 1772 1614 non.
1838 1585 1945 1614 ternu
2013 1585 2169 1623 proximo
2219 1587 2329 1618 l'arm.
2389 1587 2513 1619 omittit
2571 1589 2616 1621 ta·-

1531 1630 1587 1660 bi:
1632 1631 1666 1659 et
1697 1630 1790 1660 Rom.
1826 1631 1951 1671 demit,
1992 1639 2059 1661 uon
2086 1633 2204 1663 demet.
2251 1634 2349 1664 Hunc
2375 1634 2487 1667 locum
2511 1633 2615 1667 Statii

1531 1674 1686 1706 similiter
1722 1676 1879 1706 emendat
1910 1676 2069 1708 Heinsius
2105 1678 2145 1709 ad
2177 1677 2273 1710 ovid.
2312 1680 2402 1711 Fast.
2437 1682 2503 1721 lv,
2530 1681 2613 1712 231.

1531 1722 1595 1752 Ed.
1629 1721 1785 1752 Burman.
1820 1722 1884 1752 nisi
1923 1723 2009 1761 quod
2047 1733 2108 1762 pro
2134 1723 2181 1755 Et
2207 1734 2301 1756 nunc
2326 1726 2409 1767 legit
2430 1725 2481 1758 At
2505 1735 2611 1758 nunc.

1530 1766 1653 1799 Verius
1676 1768 1839 1808 alterum,
1861 1770 1900 1798 ut
1923 1768 2061 1807 Epiced.
2083 1771 2175 1801 Patr.
2196 1779 2230 1801 v.
2257 1773 2334 1805 185.

1623 1813 1667 1843 Et
1690 1823 1781 1844 nune
1808 1823 1854 1844 ω·
1876 1814 1935 1845 illo
1960 1816 2075 1847 forsan
2094 1826 2199 1858 grege
2219 1818 2379 1859 gentibus
2405 1817 2499 1850 alter

1627 1858 1723 1890 Jura
1746 1860 1811 1890 dat
1832 1859 1931 1893 Eois.

1530 1903 1693 1944 Virgilius
1719 1905 1790 1945 XI,
1815 1907 1870 1936 50.

1620 1951 1666 1981 Et
1692 1960 1782 1982 nune
1808 1951 1866 1982 ille
1888 1952 2025 1991 quidem
2050 1961 2113 1992 spe
2139 1952 2282 1983 multum
2309 1958 2437 1993 captus
2463 1954 2568 1985 inani

1620 1997 1706 2028 Fors
1731 2002 1766 2028 et
1790 2002 1875 2028 vota
1891 1999 1998 2040 facit.

1576 2050 1608 2072 v.
1633 2044 1687 2074 64.
1737 2044 1829 2082 Quid
1862 2045 2017 2087 reseram
2051 2044 2210 2075 alternas
2239 2046 2375 2085 gemino
2412 2052 2519 2082 super
2554 2054 2614 2085 ag-

1528 2098 1611 2129 gere
1647 2092 1796 2129 mensas]
1834 2090 1884 2120 De
1921 2089 2030 2130 Aquis
2056 2090 2154 2128 hujus
2182 2090 2290 2121 Villae
2317 2090 2437 2122 iterum
2463 2090 2614 2121 dicturus

1532 2136 1601 2171 est3
1644 2145 1741 2175 quem
1766 2137 1874 2167 locum
1899 2137 2018 2176 partim
2043 2137 2234 2168 absolverat
2258 2146 2362 2176 supra
2386 2146 2418 2168 v.
2440 2137 2498 2169 43.
2544 2136 2613 2169 sed

1531 2181 1634 2210 udum
1659 2182 1781 2223 Tibur,
1821 2185 1875 2222 et,
1908 2193 1997 2222 quae
2027 2183 2136 2214 Tibur
2160 2190 2278 2220 AQUAE
2296 2183 2427 2226 fertile
2457 2181 2614 2223 praeflu-

1531 2232 1596 2257 unt
1630 2228 1681 2267 (ut
1714 2228 1755 2258 de
1789 2227 1829 2258 iis
1854 2229 2028 2268 Horatius)
2056 2239 2125 2260 non
2150 2229 2274 2261 leviter
2294 2232 2328 2260 et
2352 2229 2459 2260 semel
2482 2231 2612 2260 tantum

1529 2275 1768 2305 memorandae
1801 2275 1946 2306 fuerunt.
2003 2275 2127 2307 Mirum
2150 2285 2231 2307 vero
2258 2278 2311 2317 (ut
2336 2285 2418 2307 sane
2441 2274 2611 2307 miraculis

1529 2321 1750 2351 refertissima
1783 2323 1836 2351 est
1872 2324 1943 2353 tota
1976 2320 2059 2354 haec
2082 2322 2226 2361 Ecloga)
2252 2322 2342 2361 quod
2370 2321 2467 2352 initio
2491 2328 2611 2352 occur-

1528 2367 1575 2397 rit
1594 2366 1635 2396 de
1659 2369 1787 2398 mensis
1813 2366 1849 2397 in
1875 2370 2017 2407 utraque
2040 2369 2138 2408 ripa;
2162 2369 2322 2399 alternas
2344 2369 2477 2408 gemino
2503 2368 2617 2406 super

1528 2422 1654 2454 aggere
1686 2420 1834 2444 uita-MS.
1890 2414 2037 2446 Mensae
2074 2414 2163 2446 enim
2200 2423 2268 2444 nou
2309 2412 2413 2444 locari
2438 2412 2550 2444 solent
2571 2411 2608 2443 in

1525 2462 1621 2498 ripis
1650 2459 1849 2497 fluviorum3
1894 2463 1928 2491 et
1949 2460 1977 2491 si
2002 2461 2050 2491 ita
2076 2459 2148 2490 fieri
2174 2460 2321 2499 soleret,
2358 2458 2471 2497 inepte
2494 2461 2608 2490 tamen

1525 2509 1736 2545 ponerentur
1760 2505 1822 2535 hoe
1845 2506 1920 2537 loco
1944 2506 2000 2537 ubi
2022 2507 2062 2536 de
2083 2505 2195 2546 Aquis
2222 2514 2267 2536 ex
2290 2506 2361 2535 toto
2386 2504 2473 2546 agit,
2506 2506 2609 2545 prout

1526 2554 1669 2591 apparet
1697 2551 1926 2591 sequentibus,

1615 2597 1846 2636 Albentesque
1868 2603 2000 2632 LACUS,
2037 2596 2195 2636 altosque
2221 2599 2259 2627 in
2283 2598 2423 2637 gurgite
2450 2602 2624 2629 FONTEM-

1621 2643 1731 2683 Teque
1761 2652 1828 2681 per
1862 2644 2032 2683 obliquum
2063 2645 2210 2681 penitus
2245 2652 2335 2683 quae
2374 2643 2509 2673 laberis
2536 2651 2609 2674 am-

1745 2696 1844 2727 nem,

1614 2734 1759 2764 MAnciA
1777 2754 1788 2770 ‚
1823 2739 1856 2764 et
1880 2734 2014 2764 audaci
2035 2735 2262 2765 transcurris
2287 2732 2424 2763 flumina
2446 2730 2613 2772 plumbo?

1524 2777 1626 2808 Vides
1651 2779 1776 2810 nullam
1806 2788 1879 2810 esse
1905 2779 2174 2819 connexionem,
2206 2780 2330 2810 nullam
2356 2778 2609 2811 similitudinem

1526 2824 1617 2855 inter
1642 2834 1779 2856 mensas
1810 2829 1843 2856 et
1869 2826 2020 2857 albentes
2043 2826 2144 2857 lacus
2167 2827 2201 2856 et
2218 2827 2355 2868 fimtes.
2401 2826 2504 2866 Lege,

1618 2871 1711 2909 Quid
1750 2873 1906 2913 referam
1948 2873 2108 2903 alternas
2151 2875 2288 2913 gemino
2336 2881 2442 2911 super
2482 2879 2607 2918 aggere

1745 2917 1857 2948 ninias

1525 2959 1563 2991 Id
1592 2963 1661 3003 est,
1688 2940 1869 3003 nymphas,
1886 2972 1944 2993 seu
1973 2971 2112 3003 aquas;
2137 2961 2183 2993 ita
2209 2963 2298 2993 enim
2325 2961 2461 3001 antique
2478 2960 2605 2992 ser-ibe-

1521 3007 1636 3049 batur,
1687 3012 1833 3052 ninfas,
1877 3009 1982 3051 (unde
2010 3007 2086 3039 Itali
2119 3008 2217 3040 hodie
2241 3009 2365 3051 ninfa)
2391 3008 2479 3038 inter
2504 3015 2603 3045 quam

1522 3054 1555 3083 et
1579 3064 1718 3086 mensas
1745 3056 1883 3087 minima
1908 3058 1959 3086 est
1978 3054 2179 3086 differentia.
2226 3056 2291 3086 Per
2323 3053 2493 3093 nymphas
2517 3061 2601 3085 vero

1522 3108 1580 3130 seu
1608 3111 1721 3140 aquas
1749 3102 1908 3142 intelligit
1941 3102 2100 3142 Balnea,
2146 3109 2230 3140 quae
2260 3099 2295 3130 in
2328 3099 2513 3140 aggeribus
2540 3107 2601 3130 seu

1519 3145 1605 3184 ripis
1641 3148 1819 3180 fluviorum
1852 3148 1981 3180 exstrui
2017 3148 2127 3177 solere
2163 3146 2205 3176 ad
2231 3145 2494 3176 commoditatem
2520 3145 2602 3176 lisu-

1519 3191 1659 3225 riendae
1694 3205 1803 3233 aquae
1836 3205 1879 3225 ex
1913 3193 2056 3226 diversis
2089 3193 2205 3223 harum
2239 3191 2407 3224 Silvarum
2432 3191 2518 3223 loeis
2541 3200 2601 3232 ap-

1519 3241 1626 3277 paret.
1672 3242 1782 3280 Supra
1805 3250 1836 3272 v.
1861 3242 1918 3272 45.

2865 1704 2892 1779 ..Μ4
2870 1670 2878 1686 w
2875 1633 2890 1638 1

2867 3599 2879 3654 'sm-ar
