2892 3840
931 413 1403 452 leVARuM
1469 402 1635 452 L113.
1701 401 1779 452 ΠΙ.
2412 406 2473 454 71

244 530 430 578 Fumat
462 542 616 578 arena
644 530 822 578 sacris:
851 527 944 576 hos
975 541 1068 575 nec
1096 527 1301 575 Pisaeus
1333 527 1549 578 honores
2382 532 2479 578 140

240 617 494 683 luppiter,
526 626 614 666 aut
642 617 866 681 Cyrrhae
893 623 1037 681 pater
1064 622 1360 678 aspernetur
1394 631 1592 681 opacae.

239 707 325 756 Nil
352 708 431 755 his
466 709 609 756 triste
639 708 773 755 locis.
843 705 989 753 cedat
1017 703 1354 764 lacrymabilis
1386 704 1619 765 Isthmos,

243 795 405 844 Cedat
438 805 590 844 atrox
619 796 833 846 Nemee:
866 794 980 841 litat
1011 793 1092 840 hic
1119 792 1311 840 felicior
1335 793 1518 860 infans.

239 885 383 949 Ipsae
414 888 656 950 pumiceis
689 883 879 934 virides
904 882 1144 931 Nereides
1175 882 1331 928 antris

238 973 473 1021 Exiliunt
504 975 662 1031 ultro,
700 980 752 1019 et
785 970 998 1033 scopulis
1032 970 1302 1016 uventibus
1335 970 1566 1032 haerent3
2382 978 2475 1022 145

238 1062 343 1111 Nec
374 1062 534 1125 pudet
559 1061 746 1108 occulte
778 1058 941 1104 nudas
977 1065 1202 1120 spectare
1230 1058 1522 1118 palaestras.

238 1154 443 1217 Spectat
477 1157 528 1196 et
554 1149 710 1195 Icario
744 1159 1038 1192 nemorosus
1061 1145 1269 1208 palmite
1304 1144 1517 1204 (ἴδω-ηε,

237 1242 475 1302 Silvaque
510 1252 636 1301 quae
667 1236 878 1283 cinctam
907 1234 1085 1297 pelago
1115 1232 1305 1281 Nesida
1340 1244 1568 1296 coronat3

235 1329 305 1377 Et
337 1327 562 1393 placidus
595 1325 802 1382 Limon,
839 1336 1084 1385 omenque
1114 1322 1340 1386 Euploea
1374 1326 1571 1385 carinis,

234 1419 303 1466 Et
329 1417 546 1465 Lucrina
572 1413 764 1472 Venus3
803 1412 1115 1474 Phrygioque
1151 1427 1179 1456 e
1212 1413 1402 1460 vertice
1436 1413 1612 1462 Graias
2379 1420 2477 1463 150

236 1506 511 1562 Adsciscis,
538 1504 755 1560 Misene,
786 1502 957 1548 tubas:
988 1499 1216 1562 ridetque
1250 1499 1468 1563 benigna

236 1593 549 1656 Parthenope
581 1591 763 1653 gentile
799 1605 994 1638 sacrum
1009 1623 1023 1647 ,
1049 1588 1309 1651 nudosque
1337 1590 1564 1637 virorum

236 1681 493 1739 Certatus‚
530 1686 583 1728 et
614 1695 774 1744 parva
809 1694 929 1727 suae
965 1676 1265 1725 simulachra
1297 1693 1521 1726 coronae.

238 1770 370 1829 Quin
399 1786 515 1832 age,
551 1776 603 1816 et
633 1769 744 1831 ipse
774 1769 935 1816 libens
968 1766 1158 1830 proprii
1188 1770 1473 1816 certaminis
1502 1777 1641 1819 actus

234 1860 426 1909 Invicta
459 1859 664 1920 dignare
698 1872 873 1905 manu:
907 1871 997 1903 seu
1025 1854 1197 1902 nubila
1230 1856 1368 1903 disco
1927 1840 1931 1843 ’
2376 1862 2469 1907 155

28 1914 71 1977 5
234 1947 452 1996 Findere
466 1981 480 2006 ,
514 1962 603 1995 seu
632 1946 860 1996 volucres
890 1944 1137 2008 zephyros
1169 1952 1489 2007 praevertere
1517 1948 1634 2007 telo,
1668 1982 1670 1984 ψ

45 2022 46 2025 ¹
236 2037 338 2084 Seu
366 2037 458 2084 tibi
488 2036 629 2084 dulce
658 2050 811 2083 manu
837 2033 1051 2097 liquidas
1078 2032 1267 2079 nodare
1293 2033 1586 2097 palaestraS,

236 2125 440 2186 Indulge
473 2126 551 2172 his
584 2125 760 2173 sacris:
793 2132 845 2171 et
878 2124 923 2171 si
953 2122 1043 2169 tibi
1073 2136 1224 2185 poma
1252 2132 1521 2184 supersunt

235 2213 570 2277 Hesperidum
586 2247 600 2271 ,
631 2216 819 2275 gremio
851 2210 1153 2263 venerabilis
1183 2212 1355 2271 ingere
1388 2211 1581 2274 Pollae3

234 2302 364 2351 Nam
396 2303 551 2365 capit,
588 2310 640 2349 et
673 2310 866 2350 tantum
900 2315 1003 2346 non
1032 2298 1247 2359 degener
1277 2300 1436 2346 ambit
1466 2301 1720 2351 honorem.
2371 2303 2468 2347 160

237 2389 381 2449 Quod
416 2391 459 2437 si
490 2391 632 2437 dulce
668 2390 819 2437 decus
853 2387 1140 2449 viridesque
1172 2396 1451 2435 resumeret
1478 2406 1652 2450 annos,

235 2479 337 2543 (Da
368 2480 594 2536 veniam,
622 2478 819 2542 Alcide)
854 2478 956 2524 fors
991 2477 1105 2522 huic
1137 2482 1188 2522 et
1215 2491 1373 2539 pensa
1406 2478 1619 2528 tulisses.

233 2565 369 2614 Haec
400 2583 491 2629 ego
517 2575 776 2615 nascentes
806 2564 992 2613 laetum
1021 2564 1284 2611 bacchatus
1313 2565 1378 2612 ad
1410 2582 1522 2617 aras

235 2653 532 2703 Libamenta
563 2656 667 2703 tuli.
737 2670 868 2703 nunc
897 2657 1064 2719 ipsum
1096 2655 1151 2700 in
1179 2654 1351 2700 limine
1381 2671 1527 2703 cerno

237 2742 525 2791 Solventem
553 2758 729 2802 voces,
765 2752 817 2791 et
844 2745 964 2792 talia
992 2744 1124 2791 dicta
1158 2743 1427 2790 ferentem:
2366 2745 2458 2789 165

235 2830 422 2878 MACTE
453 2832 632 2879 animis
668 2833 963 2895 opibusque,
994 2847 1135 2880 meos
1167 2835 1363 2881 imitate
1395 2834 1605 2892 labores,

237 2917 332 2977 Qui
360 2919 546 2981 rigidas
570 2935 747 2985 rupes,
779 2920 1203 2986 infoecundaeque
1234 2923 1470 2988 pudenda

324 3171 365 3200 V.
403 3171 478 3202 145.
512 3171 608 3210 Vulg.
643 3178 878 3203 ncnnxrmrs.
938 3171 1032 3209 [148.
1065 3178 1239 3211 mxc-ruz,
1272 3174 1371 3202 antea
1407 3179 1528 3204 romu.
1565 3181 1630 3205 El).
1668 3176 1751 3214 BR]
1818 3176 1890 3207 149.
1924 3183 2122 3211 scum-qve.
2174 3178 2246 3207 151.
2288 3182 2452 3206 ,ωηιεειε

241 3227 314 3257 157.
338 3234 481 3259 uncas
508 3235 663 3259 ’Νι-ΒΑΜ..
713 3231 787 3261 158.
815 3236 967 3260 mouet:
991 3235 1123 3259 SAcms.
1173 3231 1246 3259 160.
1274 3237 1524 3271 οευιςκᾼτιίι,
1547 3231 1601 3261 vel
1622 3239 1881 3265 nsefixffluarr.
1931 3234 2005 3265 163.
2031 3241 2164 3264 Limus
2188 3232 2375 3263 bacchatus
