2892 3840
981 397 1460 437 srnvAnuu
1525 386 1689 437 Lrn.
1758 389 1836 438 m.

299 510 487 560 Laetus
519 510 745 560 Idumaei
781 511 992 561 donavit
1021 511 1212 560 honore
1245 509 1510 575 triumphi:

297 601 644 666 Dignatusque
673 602 781 651 loco
812 603 1032 653 victricis
1069 608 1122 648 et
1150 598 1325 647 ordine
1357 615 1575 665 pompae

295 688 343 738 Ν
344 704 411 737 on
441 692 605 740 vetuit
618 726 634 750 ,
666 700 939 761 tenuesque
971 689 1100 738 nihil
1127 690 1354 737 minuere
1387 697 1639 756 parentes.

294 780 460 845 Atque
494 781 634 830 idem
659 784 716 830 in
749 797 932 831 cuneos
962 780 1205 847 populum
1236 794 1350 828 cum
1375 780 1528 829 duxit
1561 788 1832 848 equestre&

293 869 607 935 Mutavitque
642 887 796 934 genus
809 907 823 931 ‚
858 873 1132 934 laevaeque
1162 870 1382 932 ignobile
1414 872 1604 920 ferrum

292 960 479 1019 Exuit,
514 969 566 1008 et
591 963 719 1011 celse
756 971 990 1011 natorum
1024 961 1261 1023 aequavit
1287 959 1482 1008 honori.

291 1049 492 1096 Dextra
517 1048 595 1097 bis
632 1053 823 1097 octonis
862 1051 1119 1096 fluxerunt
1150 1048 1349 1094 saecula
1375 1049 1564 1107 lustris,

289 1138 456 1200 Atque
492 1139 608 1187 aew‘
639 1140 747 1186 sine
778 1137 913 1184 nube
944 1144 1102 1183 tenor.
1172 1133 1335 1192 Quam
1370 1135 1516 1185 dives
1550 1138 1605 1183 in
1638 1150 1759 1186 usus

288 1225 557 1285 Natorum,
588 1235 792 1292 totoque
828 1226 1005 1275 volens
1040 1224 1287 1271 excedere
1319 1238 1489 1282 censu,

289 1315 455 1364 Testis
491 1318 654 1366 adhuc
688 1318 815 1379 largi
846 1317 981 1364 nitor
1012 1314 1133 1362 inde
1168 1321 1399 1362 assuetus
1433 1312 1686 1373 Hetrusci,

288 1403 382 1453 Cui
415 1414 503 1454 tua
535 1422 638 1454 non
668 1406 883 1454 humiles
922 1405 1065 1453 dedit
1095 1403 1408 1465 indulgentia
1439 1419 1621 1453 mores.

286 1493 432 1543 Hunc
461 1496 707 1560 siquidem
741 1496 983 1559 amplexu
1010 1509 1208 1558 semper
1240 1501 1511 1542 revocante
1546 1494 1754 1549 tenebas

284 1583 530 1643 Blandus,
562 1593 613 1632 et
645 1586 859 1649 imperio
895 1598 1152 1647 nunquam
1185 1590 1355 1648 pater:
1386 1583 1536 1647 hujus
1566 1584 1746 1634 honori

280 1673 492 1722 Pronior
526 1676 636 1739 ipse
667 1675 821 1722 etiam
858 1673 1108 1736 gaudebat
1137 1672 1314 1721 cedere
1343 1674 1512 1722 fi-ater.

284 1759 418 1820 Quas
448 1764 540 1811 tibi
571 1764 744 1812 devoti
768 1765 984 1826 juvenes
1013 1777 1105 1827 pro
1134 1771 1277 1827 patre
1308 1772 1504 1821 renato,

282 1852 491 1900 Summe
515 1854 721 1913 ducum,
758 1862 946 1915 grateS,
980 1861 1068 1900 aut
1101 1867 1227 1917 quae
1258 1855 1345 1918 pia
1378 1862 1501 1904 vota
1530 1853 1839 1919 rependant?

283 1940 360 1989 Tu
390 1944 502 2007 (seu
536 1943 681 1990 tarda
712 1943 837 1999 situ,
875 1941 1123 2004 rebusque
1153 1942 1405 1992 exhausta
1434 1952 1664 1992 senectus

281 2031 485 2081 Erravit
495 2049 507 2092 ;
537 2048 627 2081 seu
654 2033 840 2081 blanda
874 2032 962 2080 diu
988 2031 1213 2080 Forttma
1245 2049 1531 2095 regressum

280 2120 478 2184 Maluit)
514 2123 782 2170 attonitum
809 2129 861 2168 et
890 2123 1094 2170 venturi
1122 2121 1346 2169 fulminis
1381 2124 1512 2170 ictus

279 2210 605 2270 Horrentem‚
633 2215 823 2271 tonitru
850 2220 1046 2260 tantum
1079 2212 1278 2276 lenique
1308 2212 1529 2277 procella

280 2298 556 2349 Contentus
584 2303 840 2350 monuisse
871 2316 1069 2348 senem:
1098 2316 1306 2365 cumque
1340 2301 1548 2351 horrida
1572 2315 1723 2366 supra

275 2390 533 2455 Aequora,
563 2407 791 2440 curarum
827 2394 989 2440 socius
1015 2392 1187 2456 procul
1210 2392 1336 2440 Itala
1362 2407 1482 2440 rura

275 2479 571 2544 Linqueret,
609 2481 689 2528 hic
717 2482 892 2528 molles
920 2480 1164 2545 Campani
1191 2480 1351 2529 litoris
1381 2495 1510 2538 oras,

275 2569 343 2616 Et
367 2570 673 2618 Diomedeas
705 2570 974 2620 concedere
1001 2571 1173 2633 jussus
1200 2571 1256 2617 in
1282 2585 1439 2628 arces,

276 2657 440 2721 Atque
474 2659 656 2723 hospes
670 2694 684 2717 ‚
715 2675 819 2707 non
853 2660 974 2707 exul
1007 2669 1128 2708 erat.
1196 2675 1290 2707 nec
1323 2659 1469 2724 plura
1497 2668 1721 2709 moratus

275 2747 572 2794 Romuleum
603 2749 792 2797 referas
817 2751 1017 2808 iterum,
1050 2750 1368 2808 Germanice,
1397 2750 1571 2807 limen,

273 2835 679 2900 Moerentemque
709 2838 879 2895 foves,
906 2840 1266 2905 inclinatosque
1294 2849 1505 2905 penates

272 2926 449 2988 ErigiS.
519 2925 656 2974 haud
688 2928 901 2985 mirum5
933 2929 1123 2977 Ductor
1155 2931 1519 2995 placidissime3
1554 2930 1751 2996 quando

269 3014 408 3063 Haec
444 3022 521 3063 est
549 3029 675 3080 quae
704 3016 852 3064 victis
883 3020 1138 3081 parcentia
1169 3019 1374 3068 foedera
1406 3018 1584 3076 Cattis,

356 3228 395 3256 v.
428 3228 503 3258 145.
527 3233 635 3259 cuso
656 3230 822 3258 natorum.

1620 3284 1728 3331 L2

2445 528 2545 576 140

2445 977 2539 1022 145

2436 1424 2534 1469 150

2430 1868 2523 1913 155

2422 2316 2519 2363 160

2415 2760 2507 2806 165
