2892 3840
424 426 526 476 280

424 558 508 602 §Ita
536 558 639 587 reeta
676 551 806 584 indoles
830 551 959 582 Seneca
982 545 1114 585 Hippol.
1138 553 1172 575 v.
1194 544 1274 577 453.
1298 545 1401 587 felir
1422 546 1510 577 Τω-

426 606 479 637 ad.
504 612 536 634 v.
569 602 648 633 702.
680 600 789 637 plena
822 598 945 626 Auson.
981 590 1150 623 l’arental.
1182 591 1226 621 X.
1262 592 1352 622 bona
1385 594 1506 624 Senec.

423 651 534 690 Epist.
566 648 628 678 XI.
662 646 774 685 segnis
810 641 870 672 Sil.
904 638 978 669 ltal-
1000 640 1054 676 ll,
1091 637 1167 668 347.
1210 638 1245 668 et
1267 637 1446 670 innumera
1472 648 1509 670 e-

420 694 578 738 jusmodi.
623 693 722 723 Potes
758 686 876 723 etiam,
917 691 1083 715 rumam
1118 691 1224 723 super
1250 684 1366 715 indole
1391 687 1506 719 vich-3·

425 745 492 777 Sed
515 739 593 772 mihi
613 737 716 775 magis
739 734 850 773 placet
872 738 1014 771 MAGNA,
1035 732 1174 770 propter
1195 730 1389 769 frequentes
1412 731 1507 763 vices

424 798 544 822 vocum
587 788 725 815 numus
770 780 805 810 et
843 783 995 809 MAGNUS.
1055 775 1195 808 Ovidius
1227 777 1345 808 Amor.
1380 779 1418 820 1,
1453 779 1507 810 15,

420 845 513 868 ‘ers‘
537 831 595 863 ult.
688 878 846 911 parsque
867 870 936 900 mei
961 875 1084 899 nuum
1108 871 1287 907 superstes
1314 868 1406 899 erit.-

422 925 479 958 ubi
505 920 668 954 nonnulla
692 915 901 954 exemplaria
925 915 1049 946 habent
1073 921 1217 945 MAGNA:
1241 912 1320 944 vide
1351 913 1400 946 cl.
1424 913 1508 945 Bur.

420 978 589 1002 mannum.
643 966 696 996 Ita
734 965 872 994 Metam.
907 963 955 1002 V,
993 964 1049 992 81.
1087 969 1149 1000 pro
1188 967 1332 991 MULTAE
1368 969 1508 993 massae

420 1018 598 1047 Thuaneus
630 1009 746 1043 Codex
778 1008 878 1040 habet
904 1014 1063 1039 MAGNAE.
1109 1005 1264 1037 Tibullus
1291 1007 1388 1047 Eleg.
1415 1008 1444 1048 1,
1476 1009 1506 1039 1.

420 1073 452 1094 v·
479 1064 510 1094 ὶ·
637 1101 689 1134 Et
709 1105 828 1132 teneat
855 1099 944 1132 culti
960 1098 1092 1140 jugera
1113 1104 1238 1130 ΜυιΤΑ
1259 1096 1347 1129 soli:

416 1163 496 1196 libri
536 1158 675 1200 scripti,
726 1158 886 1189 monente
922 1155 1155 1196 Broukhusio,
1206 1155 1279 1186 sere
1318 1154 1507 1186 habuerunt

418 1217 554 1243 smum.
602 1208 760 1237 Lucanus
785 1206 852 1245 111,
876 1203 956 1234 448.
980 1203 1061 1234 satis
1085 1200 1299 1240 irreligiose:

637 1256 761 1284 servat
783 1257 926 1281 munros
942 1250 1099 1292 fortuna
1124 1252 1298 1287 nocentes,

507 1300 557 1331 Et
582 1303 718 1331 tantum
740 1298 877 1328 miseris
902 1297 1018 1327 irasci
1040 1295 1184 1326 numina
1204 1295 1376 1332 possunt:

416 1367 537 1392 sensus
570 1355 709 1388 omnino
742 1354 896 1393 postulat
920 1355 1073 1383 MAG-NOS
1096 1355 1283 1382 nocentes.-
1324 1347 1418 1388 patet
1441 1345 1505 1377 hoc

418 1416 463 1437 ex
487 1403 642 1444 opposito
678 1402 830 1432 miseris.
878 1399 1001 1430 Irasci
1020 1402 1174 1438 possunt
1197 1398 1249 1427 est
1270 1397 1505 1431 irascuntur,-

418 1455 455 1484 ut
497 1459 599 1489 saepe
637 1447 815 1486 Propertio
848 1447 882 1476 et
917 1443 1157 1475 eruditioribus
1189 1442 1309 1482 poetis.
1333 1443 1439 1480 ΜοΧ,
1470 1447 1503 1469 v.

416 1501 474 1530 71.
522 1497 631 1527 Hunc
667 1498 703 1524 et
739 1494 776 1523 in
810 1491 963 1522 Arctoas
1002 1491 1066 1520 etc.
1113 1489 1346 1520 Difficiliorem
1368 1488 1505 1516 senten-

415 1544 498 1576 tiam
524 1543 572 1573 ita
595 1542 792 1572 construas:
832 1538 946 1569 tenuis
971 1544 1082 1566 comes
1107 1544 1214 1576 usque
1237 1539 1270 1565 et
1292 1536 1328 1565 in
1350 1532 1502 1563 Arctoas

414 1591 568 1630 pruinas
597 1594 732 1626 passus
771 1592 807 1614 es
840 1583 934 1614 laune
961 1586 1150 1621 tyrannum
1175 1580 1361 1612 terribilem
1385 1577 1502 1618 affatu

417 1640 590 1676 visuque;
622 1639 742 1672 passus
769 1638 825 1670 es,
853 1629 1009 1668 inquam,
1045 1635 1095 1658 υτ
1120 1634 1178 1663 om
1208 1626 1257 1667 (id
1279 1628 1357 1666 est,
1389 1625 1503 1655 eodem

414 1684 510 1714 modo
546 1689 611 1721 quo
643 1679 699 1709 illi
732 1677 809 1716 qui)
835 1676 977 1707 domant
996 1674 1177 1704 metuenda
1201 1673 1307 1703 corda
1323 1672 1503 1714 ferarum,

409 1729 598 1769 jubentque
630 1726 695 1754 etc.
751 1723 816 1752 Per
852 1730 939 1760 quae
963 1719 1111 1751 ostendit
1135 1719 1260 1750 Statius
1289 1719 1415 1756 quanta
1441 1725 1504 1746 au-

416 1774 574 1807 ctoritate
608 1770 696 1809 apud
728 1767 913 1806 Caligulam
947 1765 1051 1796 fuerit
1084 1766 1259 1795 Etruscus.
1304 1765 1369 1794 Pro
1395 1762 1504 1793 IIunc

413 1823 526 1854 Parm.
556 1819 589 1850 et
612 1818 705 1847 Rom.
733 1814 840 1844 Hine.
865 1815 899 1843 et
926 1822 986 1851 pro
1015 1812 1133 1851 affatu
1156 1811 1248 1841 Rom.
1275 1810 1397 1850 effatu.

461 1886 494 1907 v.
521 1878 576 1908 76.
700 1869 854 1902 subrexit
888 1871 923 1900 in
962 1870 1092 1907 aetus]
1139 1866 1299 1898 Heinsius
1333 1865 1376 1896 ad
1403 1865 1504 1895 Clau-

414 1923 505 1954 dinn.
538 1918 685 1959 Epithal.
722 1917 806 1948 Pali.
845 1916 879 1944 et
913 1915 1022 1946 Celer.
1053 1923 1086 1944 v.
1123 1915 1178 1946 83.
1212 1912 1295 1952 legit
1330 1912 1501 1943 subvexit.

412 1971 533 2000 Recte:
580 1966 670 1996 idem
703 1973 742 1994 ac
777 1961 928 1993 evehere.
974 1959 1159 1999 Eutropius
1182 1958 1240 1990 lib.
1265 1959 1336 1990 Vll.
1365 1959 1406 1989 de
1431 1959 1502 1988 Au·

415 2018 512 2055 gusto
536 2014 698 2051 loquens:
743 2010 779 2040 in
810 2013 952 2039 cunctos
978 2007 1265 2043 liberalissimus,
1306 2007 1342 2036 in
1367 2005 1500 2036 amieos

405 2060 661 2101 fidelissimum
711 2064 795 2096 quos
832 2057 946 2085 tantis
980 2053 1097 2084 evexit
1128 2054 1274 2093 opibus,
1318 2056 1359 2082 ut
1387 2060 1502 2091 paene

413 2110 585 2148 aequaret
600 2103 755 2148 fastigio
780 2111 853 2132 suo.
899 2099 1075 2131 Juvenalis
1097 2101 1168 2130 Sat.
1195 2101 1223 2128 1.

692 2150 730 2179 in
760 2147 893 2177 caelum
915 2155 998 2187 quos
1026 2145 1138 2176 evehit
1164 2146 1295 2185 optima
1320 2142 1446 2174 summa*

505 2198 607 2228 Nunc
634 2196 697 2225 via
714 2202 915 2232 processus.

414 2244 581 2281 Exempla
616 2240 751 2278 ubique.
808 2240 881 2270 Nec
927 2246 981 2267 me
1016 2239 1130 2268 movet
1159 2233 1352 2267 Gronovius
1389 2231 1499 2263 Diatr.

414 2302 445 2321 c.
480 2289 668 2320 XXXVlll.
704 2284 763 2316 ubi
791 2285 878 2316 hanc
916 2292 1034 2314 vocem
1070 2282 1219 2313 defendit
1254 2289 1299 2311 ex
1338 2288 1378 2310 eo
1411 2278 1502 2318 quod

413 2336 587 2374 Lucilius,
630 2331 808 2373 virgilius,
855 2329 996 2370 Livius,
1038 2331 1190 2369 Seneca,
1227 2326 1355 2357 Plinius
1386 2334 1501 2364 saepe,

413 2384 538 2422 aliique
558 2380 611 2411 usi
635 2378 773 2410 fuerint.
818 2379 941 2408 Verum
966 2375 1097 2415 quidem
1123 2377 1173 2406 est
1192 2382 1250 2404 eos
1275 2373 1362 2403 hanc
1381 2381 1501 2402 vocem

412 2436 604 2468 usurpasse,
631 2425 691 2456 sed
711 2433 879 2462 nunquam
904 2432 944 2454 eo
964 2431 1062 2453 sensu
1085 2431 1180 2461 quem
1202 2419 1351 2459 postulat
1372 2418 1425 2449 hic
1449 2419 1501 2449 lo-

414 2485 491 2512 cus,
530 2483 592 2514 pro
632 2471 784 2503 evehere.
839 2470 982 2510 Subrz'gi
1007 2478 1102 2500 mons
1137 2469 1193 2499 vel
1223 2466 1343 2497 insula
1376 2464 1501 2496 dicitur

413 2532 487 2552 cum
511 2530 529 2550 e
556 2521 657 2559 plano
683 2523 824 2558 exstat,
859 2517 1003 2556 eminet,
1040 2517 1163 2556 surgit.
1218 2513 1385 2544 Homines
1414 2521 1497 2543 vero

412 2569 545 2607 subrigi·
571 2569 607 2598 in
638 2566 783 2596 honores
808 2563 863 2594 vel
885 2567 987 2593 actus
1012 2561 1077 2593 dici
1104 2569 1224 2600 posse,
1268 2569 1337 2591 non
1362 2559 1497 2590 credam

413 2617 590 2651 antequam
627 2611 783 2649 exempla
819 2609 993 2639 invenero.
1047 2609 1156 2639 Parm.
1192 2609 1305 2637 tamen
1344 2609 1379 2637 et
1401 2606 1496 2637 Rom.

411 2661 559 2692 retinent
583 2659 753 2690 surremit.
778 2658 812 2686 et
835 2665 897 2694 pro
922 2660 1025 2685 actus
1051 2655 1144 2685 Rom.
1170 2661 1290 2683 arens.

458 2728 489 2748 v.
519 2719 575 2748 77.
723 2714 881 2744 Nondum
923 2712 1133 2752 stelligerum
1175 2710 1291 2740 senior
1333 2707 1496 2738 demissus

825 2761 862 2789 in
889 2767 992 2788 axem

504 2806 700 2844 claudius]
764 2805 868 2835 Recte
912 2802 1104 2834 Gronovius
1147 2801 1321 2831 dimissus.
1358 2807 1422 2829 nec
1460 2800 1494 2828 te

410 2855 544 2887 moveat
576 2851 772 2883 notissimus
805 2851 863 2881 ille
898 2849 1076 2880 ,Iuvenalis
1115 2848 1209 2878 locus
1247 2848 1316 2878 Sat.
1345 2846 1411 2885 Vl,
1437 2846 1494 2876 21.

411 2902 467 2933 ubi
495 2899 655 2933 Claudius
691 2897 813 2928 dicitur
838 2897 1044 2928 descendere
1070 2895 1106 2924 in
1132 2894 1282 2924 caelum:
1322 2892 1498 2923 Juvenalis

409 2949 498 2979 enini
531 2947 575 2978 ibi
603 2945 692 2976 ridet
715 2946 748 2974 et
772 2943 906 2974 satirice
930 2942 1018 2982 agit:
1068 2942 1194 2972 Noster
1220 2938 1274 2969 hic
1298 2938 1407 2968 serius
1433 2941 1497 2980 est,

412 2999 444 3025 et
482 2995 598 3024 narrat
631 2994 778 3022 tantum:
824 2994 861 3022 ut
900 2991 985 3020 bene
1018 2988 1177 3018 observat
1218 2985 1333 3016 mem*
1349 2984 1402 3015 vir
1429 2986 1499 3016 cla-

411 3040 570 3070 rissimus.
619 3037 707 3073 Quid
733 3036 836 3075 igitur
869 3045 987 3075 passus
1019 3036 1090 3074 est,
1129 3032 1264 3072 quando
1288 3034 1409 3070 postea
1433 3032 1498 3062 Re-

413 3087 468 3124 liq.
509 3086 549 3115 ad
589 3085 670 3115 Silv.
712 3083 941 3121 suspicaretur
980 3081 1124 3113 Statium
1159 3078 1336 3118 scripsisse
1380 3080 1496 3110 senior

413 3128 581 3161 omissus?
606 3129 782 3160 Juvenalis
807 3132 871 3165 Vl,
897 3129 977 3159 409.

503 3175 601 3205 13qu
621 3176 882 3213 Hyperboreum
910 3177 944 3206 si
968 3172 1155 3205 dimittatur
1180 3170 1221 3202 ad
1247 3179 1357 3201 axem.

414 3222 569 3251 Lucanus
593 3221 629 3255 1,
656 3221 734 3250 443.

504 3264 678 3295 Laudibus
702 3265 737 3294 in
768 3264 903 3303 longum
932 3268 1028 3294 vates
1055 3262 1220 3318 dimittitis
1247 3270 1375 3292 aevum.

1262 418 1450 467 NOTAE
1485 418 1555 469 Αἰ)
1590 422 1695 469 Lis.
1722 421 1800 469 ΠΙ.
1841 425 1885 470 3.

2372 445 2499 493 9158
2538 443 2665 496 9159

1576 547 1634 579 ubi
1667 547 1786 578 eadem
1816 545 1996 579 diversitas
2026 547 2229 588 scripturae.

1577 595 1661 626 Poll.
1683 602 1716 625 v.
1743 595 1820 625 142.

2282 550 2426 596 Noster,
2468 555 2661 590 Surrentin-

1667 639 1859 671 Emerae'tam
1881 636 1917 669 in
1945 642 2049 670 notas
2072 647 2226 679 puppem
2249 639 2377 673 dimitte
2402 645 2588 683 procella:

1577 685 1626 717 ita
1650 685 1784 718 restitui
1821 693 1886 726 pro
1910 685 2060 716 demute-
2085 685 2209 716 iterum
2231 685 2350 719 Pietat.
2375 690 2492 722 Abone.
2515 701 2547 724 ν.
2576 694 2632 726 86.

1855 740 2017 772 magnum
2040 731 2127 762 latet
2152 730 2321 763 dimittere
2351 732 2390 764 iu
2415 736 2530 769 orbem

1668 775 1828 807 Romulei
1847 778 2017 808 mandata
2038 777 2167 811 Ducis.

1575 821 1651 853 val.
1671 822 1814 854 Flaccus
1836 824 1918 864 vu,
1941 823 2024 854 446.
2529 857 2535 860 ,

1818 872 1918 909 teque
1938 870 2063 900 iterum
2086 867 2210 900 Pelias
2238 869 2275 900 υ·
2290 869 2440 908 perdere
2461 879 2616 916 quaeret,

1668 911 1780 953 Inque
1808 915 1901 946 alios
1928 923 2056 952 casus,
2083 915 2177 946 alias
2201 913 2347 948 dimittet
2370 915 2416 948 ad
2439 918 2565 959 urbes,

1666 958 1748 989 Heu
1765 960 1911 1000 formae
1933 970 1975 992 ne
2001 961 2102 992 erede
2126 965 2230 992 tuae:
2558 989 2577 1006 Ι

1575 1003 1624 1034 ita
1647 1003 1849 1044 legendum3
1875 1014 1946 1037 non
1967 1007 2132 1048 aliaeque
2157 1007 2329 1037 immutet.
2374 1008 2506 1039 Seneca
2525 1001 2661 1042 Consol.

1577 1049 1621 1081 ad
1643 1051 1742 1081 HelV.
1779 1061 1808 1082 c.
1825 1053 1880 1083 vl.
1904 1053 2037 1084 mobilis
2059 1053 2148 1083 enim
2173 1056 2205 1083 et
2233 1053 2391 1092 inquieta
2415 1062 2510 1085 mens
2533 1052 2666 1090 laomim·

1577 1097 1665 1129 data
1687 1100 1765 1128 est:
1789 1107 1969 1139 nunquam
1994 1107 2033 1130 se
2059 1102 2176 1129 tenet:
2202 1099 2386 1139 spargitur
2419 1103 2455 1130 et
2488 1091 2664 1141 coguitio-

1576 1152 1638 1174 nes
1673 1151 1759 1174 suas
1795 1143 1833 1175 in
1856 1143 1970 1176 oinnia
1993 1148 2079 1175 nota
2104 1148 2208 1184 atque
2231 1145 2351 1185 ignota
2375 1143 2523 1176 dimittit.
2568 1145 2662 1177 Idem

1576 1187 1619 1220 de
1651 1189 1767 1220 Benel'.
1797 1192 1849 1230 V,
1887 1193 1943 1222 16.
1989 1190 2159 1231 Ingratus
2184 1189 2360 1222 Antonius
2393 1192 2430 1222 in
2456 1191 2664 1223 dictatorem

1575 1243 1675 1268 suum
1701 1241 1798 1275 quem
1817 1235 1902 1276 jure
1934 1245 2075 1268 caesum
2096 1238 2362 1275 pronuntiavit,
2400 1237 2664 1281 interfectores-

1574 1290 1638 1321 que
1680 1280 1756 1319 ejus
1790 1282 1826 1314 in
1861 1282 2057 1323 provincias
2087 1286 2125 1313 et
2151 1284 2304 1323 imperia
2326 1281 2464 1314 dimisit.
2508 1283 2578 1316 sed
2603 1292 2660 1316 sa-

1574 1326 1618 1358 tis
1639 1327 1734 1359 haec.

1618 1381 1651 1403 v.
1675 1374 1731 1404 78.
1821 1369 1870 1402 Ee
1901 1370 2006 1411 longo
2030 1370 2228 1404 transmittit
2252 1372 2380 1404 babere
2401 1372 2547 1414 nepoti]
2590 1374 2659 1406 Pro

1570 1420 1784 1451 transmittit
1820 1416 1930 1456 primo
1955 1417 2136 1458 legendum
2162 1420 2214 1449 est
2239 1421 2455 1460 transmisit,
2499 1422 2536 1451 ut
2555 1427 2659 1460 supra

1573 1466 1749 1498 subvexit.
1775 1465 1941 1503 sumptum
1965 1473 2086 1503 nempe
2115 1473 2160 1495 ex
2185 1464 2305 1504 virgil.
2327 1466 2414 1496 Aen.
2441 1466 2505 1503 111,
2527 1465 2608 1497 329.

1663 1510 1722 1543 Me
1748 1509 1891 1553 famulo
1917 1510 2164 1553 fantulamque
2201 1511 2336 1543 Heleno
2372 1510 2560 1543 transmisit
2595 1510 2663 1544 Ica-

1791 1556 1948 1586 bendum.

1571 1601 1639 1633 Sed
1663 1600 1738 1640 quis
1767 1602 1818 1631 est
1838 1601 1891 1632 hic
1915 1601 2038 1642 longus
2067 1610 2174 1640 nepos
2201 1601 2343 1642 Claudii,
2371 1600 2427 1632 cui
2449 1602 2658 1634 transmitte-

1570 1649 1671 1679 batur
1694 1648 1881 1679 Etruscus?
1924 1648 2036 1678 nullos
2059 1647 2167 1688 enim,
2203 1657 2286 1687 quos
2310 1646 2403 1687 scio,
2433 1653 2573 1688 nepotes
2597 1647 2658 1679 ha-

1569 1693 1643 1725 buit
1671 1692 1853 1733 Claudius3
1882 1691 1948 1723 nisi
1971 1693 2001 1724 si
2027 1692 2096 1724 filia
2118 1693 2265 1725 Antonia
2289 1702 2375 1731 quae
2399 1695 2459 1724 Cn.
2483 1694 2655 1734 Pompeio,

1570 1739 1692 1770 deinde
1725 1740 1851 1770 Fausto
1885 1739 1998 1778 Syllae
2021 1741 2127 1778 nupta
2153 1741 2246 1776 erat,
2278 1739 2410 1778 aliquos
2434 1739 2572 1772 tulerit:
2615 1742 2658 1771 0-

1569 1785 1681 1818 ctavia
1715 1784 1817 1826 enim,
1851 1794 1951 1824 quam
1985 1786 2078 1817 Nero
2116 1785 2153 1816 in
2186 1784 2402 1816 matrimonio
2429 1785 2566 1827 habuit,
2613 1788 2655 1817 ab

1570 1831 1689 1863 eodem
1724 1832 1762 1861 ut
1794 1831 1927 1862 sterilis
1951 1829 2205 1873 dimittebatur,
2240 1831 2282 1862 de
2317 1840 2383 1869 quo
2408 1831 2486 1863 vide
2513 1834 2653 1865 sueton.

1570 1879 1652 1910 Ner.
1673 1887 1702 1908 c.
1726 1876 1779 1908 35.
1808 1877 1843 1907 et
1869 1875 1976 1907 Tacit.
2001 1878 2065 1908 An.
2091 1877 2181 1917 XIV,
2206 1879 2263 1908 00.
2308 1878 2414 1918 Lege,

1661 1922 1690 1966 y
1694 1922 1740 1953 Et
1765 1923 1864 1963 longo
1889 1925 2095 1955 transmisit
2113 1923 2243 1954 babere
2265 1922 2415 1954 Neroni:

1571 1970 1606 2000 et
1639 1969 1680 1999 de
1715 1969 1853 2000 Nerone
1881 1968 2014 2007 quidem
2039 1969 2122 2000 certi
2147 1976 2260 1999 sumus
2286 1978 2331 2000 ex
2355 1977 2456 2000 sensu
2478 1969 2513 2000 et
2535 1967 2655 2000 ordine

1570 2014 1799 2047 narrationis:
1844 2014 2006 2057 primum,
2048 2015 2178 2055 inquit,
2219 2016 2362 2047 Tim-:nu
2396 2015 2476 2047 aula
2509 2014 2571 2047 tibi
2594 2023 2656 2054 pa·

1570 2062 1657 2093 tuit:
1696 2070 1760 2092 nec
1788 2061 1901 2100 abegit
1923 2063 2101 2093 Caunum
2124 2061 2299 2101 proximus
2326 2062 2445 2094 heres·⁷
2473 2060 2596 2104 sedin
2617 2070 2656 2092 a.-

1571 2110 1643 2141 ctus
1672 2106 1875 2146 praecipuos
1909 2108 2068 2139 subvexit
2098 2111 2302 2150 cosumus,
2351 2109 2386 2139 et
2411 2106 2595 2139 transmisit
2619 2108 2655 2138 te

1570 2153 1759 2186 successori
1783 2155 1934 2184 Nenoxi.
1960 2155 2054 2186 Nihil
2075 2154 2221 2187 certius:
2256 2157 2292 2186 et
2313 2154 2431 2186 eodem
2455 2153 2573 2185 ordine
2596 2161 2655 2185 eos

1569 2202 1727 2233 recenset
1751 2199 1858 2230 Tacit.
1879 2202 1966 2231 Ann.
1997 2203 2025 2241 1,
2049 2201 2123 2232 init.
2147 2201 2294 2241 Tiarai,
2317 2203 2461 2242 esuque
2485 2205 2523 2232 et
2541 2202 2657 2232 CLAU-

1570 2255 1623 2279 nn
1645 2252 1681 2277 et
1704 2248 1867 2278 NERONIS
1896 2256 1976 2284 res,
1991 2246 2205 2288 florentibus
2226 2249 2338 2288 ipsis,
2363 2247 2404 2279 ob
2431 2251 2556 2279 metum
2574 2246 2656 2291 fal-

1571 2303 1634 2327 sae
1661 2294 1725 2326 etc.
1772 2291 1932 2324 Sidonius
1954 2294 2159 2333 Apollinaris
2177 2296 2288 2325 carm.
2315 2294 2365 2335 V,
2381 2294 2461 2326 322.
2558 2300 2560 2302 '

1660 2339 1750 2371 Post
1773 2340 1931 2379 Capreas
1956 2341 2099 2381 Tiarai,
2118 2346 2206 2380 post
2224 2342 2346 2380 turpia
2369 2339 2513 2371 numina
2533 2337 2629 2377 Cau,

1665 2387 1856 2418 Censuram
1882 2387 2037 2429 emunt,
2063 2387 2240 2420 citharam
2265 2386 2506 2427 thalamosque
2529 2382 2651 2415 Nano-

1789 2440 1847 2464 Nis
1872 2435 1937 2464 etc.

1568 2486 1667 2517 quem
1690 2477 1844 2510 ordinem
1865 2479 1980 2511 servat
2001 2481 2113 2512 Carm.
2138 2479 2219 2518 vn,
2244 2476 2321 2508 104.

2095 2525 2318 2563 Capreasque
2335 2519 2462 2552 Tmeni

1657 2567 1708 2600 Et
1735 2570 1872 2610 caligas
1895 2571 1993 2609 Can,
2023 2570 2158 2600 CLAuot
2183 2577 2336 2601 censura
2359 2571 2484 2600 secuta
2506 2569 2571 2606 est,

1658 2614 1711 2645 Et
1734 2617 1791 2646 vir
1812 2621 1920 2646 morte
1945 2617 2062 2646 NERO.

1566 2660 1618 2690 Ne
1650 2656 1754 2700 igitur
1786 2661 1942 2700 satagant
1976 2660 2116 2700 posthac
2149 2659 2330 2691 ostendere
2362 2656 2530 2697 quomodo
2557 2656 2650 2688 Nero

1566 2705 1632 2736 dici
1656 2707 1765 2745 potuit
1789 2717 1894 2746 nepos
1919 2706 2072 2747 Claudii,
2094 2716 2170 2738 cum
2195 2715 2300 2746 nepos
2323 2705 2427 2737 fuerit
2445 2702 2650 2744 Germanici,

1564 2752 1678 2782 fratris
1711 2753 1862 2784 Claudii:
1906 2762 2078 2792 nunquam
2112 2753 2289 2784 assentiar.
2325 2751 2354 2782 si
2393 2750 2483 2782 enim
2506 2749 2572 2781 hoe
2592 2749 2649 2780 od-

1564 2797 1735 2839 mittatur,
1775 2799 1950 2838 perierunt
1985 2799 2290 2839 consanguinitatis
2312 2797 2472 2835 nomina,
2511 2797 2547 2827 et
2565 2794 2650 2829 nihil

1567 2845 1651 2875 certi
1686 2845 1892 2877 habebimus.
1950 2846 2064 2887 Nepos
2095 2846 2226 2878 Claudii
2262 2844 2378 2876 debuit
2402 2852 2478 2875 esse
2500 2841 2588 2874 filius
2609 2842 2647 2872 a·

1565 2890 1603 2920 lii
1639 2892 1695 2922 vel
1717 2891 1805 2922 tiliae
1831 2891 1983 2924 Claudii:
2029 2902 2090 2932 pro
2117 2903 2183 2932 quo
2214 2892 2302 2923 filius
2329 2891 2418 2922 filiae
2442 2885 2646 2927 Germanici,

1563 2937 1677 2968 fratris
1710 2938 1860 2979 Claudii,
1910 2938 1964 2969 hic
1997 2938 2119 2970 dicitur
2150 2948 2257 2979 nepos
2297 2935 2438 2970 Claudii.
2467 2934 2566 2974 cuju!
2592 2932 2645 2965 rei

1565 2984 1805 3015 absurditatem
1834 2985 1949 3016 multis
1978 2986 2169 3018 nominibus
2206 2985 2386 3017 ostendere
2418 2988 2568 3025 ponem,
2614 2978 2644 3009 Ιὶ

1565 3039 1648 3068 opus
1684 3034 1784 3061 esset.
1839 3032 1904 3064 Sed
1943 3041 2058 3072 pergo.
2115 3033 2202 3064 Hinc
2233 3033 2326 3071 patet
2348 3027 2519 3069 epitheton
2542 3025 2642 3066 longo

1564 3077 1782 3115 depravatum
1816 3086 1901 3109 esse.
1927 3078 2108 3110 Gevartius
2133 3080 2241 3110 Elect.
2264 3078 2332 3116 111,
2378 3077 2411 3106 ο.
2435 3070 2543 3103 voluit
2566 3070 2643 3101 lon-

1566 3133 1642 3162 gum
1679 3126 1888 3157 transmisit
1909 3125 2037 3157 habere
2072 3127 2209 3165 nepoti,
2254 3131 2327 3163 „0⁰
2359 3118 2445 3159 (111οῧ
2470 3118 2562 3148 Nem
2585 3116 2643 3147 ‘15¹¹

1566 3180 1638 3210 „ac
1660 3170 1761 3209 longo
1790 3171 1949 3210 temporis
1984 3171 2093 3211 spatio
2119 3169 2235 3213 (annis
2258 3167 2347 3198 enim
2370 3162 2559 3204 quindecim
2581 3162 2643 3194 im-

1563 3217 1744 3255 „peravio
1790 3218 1991 3248 Hetruscum
2034 3217 2122 3247 hunc
2162 3216 2198 3246 in
2237 3212 2395 3244 famulatu
2443 3208 2640 3241 habuerit.“

1565 3261 1691 3292 dixisse
1716 3261 1831 3293 debuit
1855 3264 2116 3302 quatuordecim
2143 3260 2255 3300 paullo
2278 3258 2410 3298 minus,
2454 3265 2524 3288 nou
2548 3259 2645 3297 quin-
