2892 3840
11 972 31 997 ,ν
0 923 20 946 ¹,
12 814 25 883 .-‹

14 885 54 996 ⁴535„ss
41 786 53 808 ‚n-
33 769 43 773 ⁵
31 706 54 755 51⁵⁵:

34 1344 38 1353 «
10 995 51 1281 κὶιώῦωὲω-’ἓφιη

24 3705 85 3722 νννννννν

311 518 469 562 flauere
483 549 493 553 -
507 520 630 551 neuun
649 515 703 546 est
725 522 845 556 regere
863 520 1001 552 nouum
1042 520 1124 553 ergo
1140 514 1297 556 frenare
1325 520 1413 547 'rma

317 569 439 595 aum
470 561 529 592 vel
561 567 785 592 raoviscun
808 562 860 591 est
884 569 1006 602 regere
1027 566 1216 591 mannan
1243 561 1300 591 vel
1324 567 1412 591 rao-

314 615 486 646 viscum
526 609 641 649 reete,
689 606 857 639 dicerem:
900 606 981 646 qnia
1001 605 1086 638 haec
1106 605 1238 645 phrasis
1261 607 1411 639 occurrit

315 654 400 688 silv.
423 655 473 695 V,
495 654 530 684 2.
902 663 904 665 ¹

408 700 510 740 Quod
531 699 568 729 su·
585 702 620 730 te
642 706 768 739 magno
793 696 896 729 tellus
921 696 1058 728 frenata
1071 698 1222 737 parente·

404 746 591 785 Accipiat,
622 750 791 785 quantam
805 745 915 787 ferus
934 744 1113 775 mlcabt't
1132 739 1303 774 Aras-es!

315 793 351 823 et
375 793 447 824 Val.
470 791 595 823 Flacco
618 791 657 832 I,
679 792 736 821 22.
860 787 864 790 ’

403 835 626 870 Haemoniam
648 836 777 875 primis
806 834 924 866 Pelias
947 835 1102 866 frenabat
1124 835 1169 865 ab
1195 835 1328 865 annis:

313 884 349 914 et
379 885 470 917 aliis.
518 882 616 919 Quod
650 881 680 912 si
701 884 880 922 pergeret,
931 889 1013 921 ergo
1030 881 1186 923 ftenare
1212 884 1410 911 vaus-rvm-

313 936 381 961 xes
422 930 599 971 principis
645 929 697 959 est
740 928 830 959 idem
874 927 964 966 quod
998 936 1121 967 regere
1160 931 1410 958 vum-uorsus

307 978 486 1016 principis
536 973 627 1013 apud
668 973 774 1005 Tacit.
841 973 964 1004 Annal.
1006 974 1068 1013 vl,
1132 974 1187 1004 50.
1232 981 1301 1002 nou
1350 970 1409 1001 ad-

310 1021 502 1063 mitterem,
544 1019 611 1050 nisi
642 1018 808 1059 exemplis
839 1020 875 1049 et
910 1017 1146 1050 autoritatibus
1182 1018 1407 1049 confirmaret.

309 1069 356 1099 At
391 1077 496 1108 qnare
530 1065 624 1097 non?
666 1065 785 1104 inquit.
842 1063 933 1100 Quia
962 1073 1030 1095 non
1054 1062 1164 1093 visum
1189 1066 1242 1093 est
1264 1071 1406 1102 magnae

308 1115 405 1146 Deae
441 1109 685 1145 consuetudini
718 1109 950 1148 Metaphoram
982 1118 1025 1140 eo
1058 1117 1165 1147 nsque
1198 1108 1403 1147 pertingere.

310 1158 474 1192 Similiter
514 1158 552 1190 in
585 1156 648 1186 hae
683 1164 768 1186 voce
789 1156 986 1195 prendere.-
1029 1154 1124 1192 cujus
1148 1155 1243 1185 notio
1269 1154 1405 1184 videtur

308 1206 379 1245 peti
411 1205 535 1236 debere
571 1211 593 1233 a
614 1203 795 1233 coactione
819 1209 905 1240 qnae
927 1199 1106 1231 adhibetur
1128 1200 1179 1230 his
1202 1199 1403 1231 animalibus

308 1253 432 1282 natura
451 1251 576 1293 feris:
600 1248 697 1287 cujus
723 1250 970 1288 consequentia
992 1248 1123 1277 tantum
1152 1246 1287 1278 videtur
1316 1247 1401 1277 Sub-

301 1296 464 1338 jugatn'o,
507 1303 578 1326 non
599 1296 638 1324 nt
662 1303 726 1332 pro
745 1295 926 1334 primaria
940 1288 1192 1332 *ignificatione
1216 1292 1301 1323 sumi
1322 1301 1403 1332 pos-

307 1343 363 1374 sit.
408 1341 503 1373 Adeo
536 1343 576 1372 ut
611 1339 640 1370 si
663 1342 757 1371 recte
783 1342 817 1370 et
838 1339 1024 1370 secundum
1050 1339 1328 1370 consuetudinem
1351 1338 1403 1368 di-

309 1398 387 1421 cere
423 1387 536 1427 possis
566 1395 689 1425 equum
719 1386 777 1417 vel
808 1387 928 1416 bovem
948 1386 1079 1426 prendi
1099 1385 1154 1416 vel
1174 1385 1299 1426 jung-1¹,
1346 1386 1401 1415 ut-

305 1437 388 1476 pote
422 1438 632 1473 occupatum
663 1433 705 1463 ab
726 1431 861 1463 homine
888 1433 923 1462 et
949 1436 1106 1462 coactum
1129 1431 1242 1462 subire
1262 1431 1400 1470 jugum3

308 1491 384 1513 cum
413 1481 528 1511 tamen
549 1479 634 1509 nihil
660 1478 729 1509 tale
753 1478 923 1516 competat
946 1479 1046 1517 bigae
1067 1476 1291 1516 vehem-rut,
1326 1476 1402 1506 nol-

306 1529 374 1559 lem
402 1527 568 1557 affirmare
591 1525 701 1563 bigam
718 1525 849 1564 prendi
871 1522 937 1553 dici
960 1531 1082 1563 posse,
1118 1521 1192 1553 sine
1215 1522 1343 1552 exertis
1367 1524 1401 1552 et

304 1571 505 1605 indubitatis
541 1572 701 1601 Veterum
726 1569 951 1601 testimoniis:
993 1569 1193 1608 praesertim
1219 1577 1293 1598 cnm
1320 1577 1402 1599 con-

304 1619 447 1651 trarium
480 1615 593 1656 potius
626 1625 745 1646 verum
778 1615 954 1646 videatur:
997 1614 1033 1647 Si
1057 1614 1146 1644 enim
1174 1623 1279 1655 equus
1306 1616 1399 1646 recte

304 1666 436 1697 dicatur
455 1671 634 1703 prensus,
657 1663 749 1693 certe
771 1662 852 1702 Iu‘ga
880 1670 942 1692 seu
971 1670 1097 1692 eur-rus
1124 1660 1179 1691 cui
1199 1669 1304 1699 equus
1321 1661 1400 1699 jun-

303 1712 395 1752 gitur
425 1718 496 1740 non
520 1708 636 1739 itidem
654 1717 809 1748 prensus
834 1710 929 1739 recte
955 1706 1021 1738 dici
1046 1709 1175 1746 potest:
1219 1707 1283 1738 hoe
1309 1707 1399 1738 enim

301 1759 371 1789 tale
395 1758 486 1786 esset
515 1755 614 1793 quale
636 1753 727 1785 istud
752 1753 885 1793 Virgilii
908 1755 984 1794 VII,
1009 1755 1088 1784 778.

397 1801 495 1832 Unde
517 1803 626 1832 etiam
653 1801 777 1841 templo
808 1801 950 1831 Triviae
975 1800 1132 1839 lucisque
1157 1800 1317 1829 sacratis

395 1848 603 1886 Cor-nipedes
627 1851 798 1877 arcentur
818 1848 914 1887 equi,
938 1846 1028 1886 quod
1045 1846 1146 1876 litore
1170 1853 1306 1874 currum

391 1893 444 1925 Et
461 1894 623 1931 juvenem
646 1894 811 1924 monstris
828 1893 954 1932 paridi
968 1891 1119 1922 effudere
1145 1892 1304 1921 marinis.

301 1938 366 1971 Ubi
409 1948 536 1978 quaero
582 1938 610 1969 si
648 1941 741 1969 recte
785 1938 918 1970 dicatur
941 1937 1084 1976 ,iuvenis
1119 1935 1246 1966 effundi
1279 1934 1393 1973 curru,

300 1986 467 2024 quomodo
500 1984 619 2015 eodem
650 1986 802 2023 tempore
838 1993 965 2015 currus
997 1983 1068 2022 ipse
1102 1981 1169 2012 dici
1202 1983 1314 2021 potest
1343 1981 1394 2023 ef-

293 2031 429 2075 fundi?
477 2030 507 2060 si
540 2030 630 2061 enim
660 2030 773 2069 liquor
803 2029 860 2068 qui
892 2032 943 2073 est
975 2028 1011 2060 in
1041 2028 1163 2068 poculo
1189 2029 1393 2069 effunditur,

299 2077 459 2117 poculum
482 2075 592 2115 ipsum
619 2086 688 2107 non
717 2075 782 2107 dici
807 2078 918 2115 potest
943 2076 1077 2116 effundi
1095 2074 1156 2104 sed
1188 2076 1319 2105 everti.-
1360 2074 1395 2103 et

298 2124 348 2155 ita
376 2123 431 2154 hic
456 2122 627 2164 oportuit,
660 2123 814 2154 evertere
837 2132 971 2153 currum
996 2123 1031 2152 et
1053 2120 1205 2161 effudfrc
1223 2121 1394 2159 juvenem.

297 2170 364 2203 Sed
388 2170 431 2200 de
452 2169 516 2200 hoc
540 2169 617 2199 loco
643 2169 737 2200 alias.
780 2169 895 2208 Pergit
930 2170 1043 2199 tamen
1066 2167 1127 2198 Vir
1148 2166 1394 2202 Doctissimns;

297 2218 332 2247 et
355 2215 398 2247 ad
418 2216 516 2246 finem
537 2215 727 2255 Diatribes,
753 2214 789 2245 iu
815 2214 963 2245 omissis
996 2220 1034 2245 et
1064 2213 1209 2244 Erratis
1245 2223 1276 2252 p.
1313 2213 1392 2243 401.

295 2263 363 2294 duo
388 2262 544 2300 exempla
569 2261 705 2292 adducit
730 2269 775 2292 ex
802 2260 981 2292 Thebaide.
1003 2259 1151 2291 Primum
1173 2261 1223 2289 est
1242 2261 1299 2299 1v,
1314 2259 1394 2290 219.

295 2309 338 2339 de
360 2307 583 2346 Amphiarao:

385 2353 496 2384 Arma
531 2353 637 2384 sfmul
657 2360 866 2391 prensasque
886 2350 973 2392 jugo
998 2351 1199 2382 moderatur
1222 2348 1388 2383 habenas:

295 2399 349 2431 De
372 2400 437 2431 hoc
456 2408 536 2430 mox
563 2398 683 2429 dicam.
728 2399 879 2429 Alterum
912 2400 964 2429 est
988 2397 1092 2427 Theb.
1113 2397 1204 2435 vm,
1229 2397 1309 2428 563.

431 2447 507 2478 ruit
515 2446 643 2486 primis
668 2446 836 2475 inmixtus
850 2466 861 2484 ,
885 2450 918 2476 et
942 2445 1084 2484 agmina
1110 2441 1249 2473 Lernae

393 2491 498 2523 Nune
526 2492 631 2531 pedes
665 2500 747 2522 ense
769 2501 879 2532 vago,
920 2489 1054 2529 prensis
1075 2498 1169 2519 nunc
1195 2488 1309 2519 celsus
1332 2486 1393 2518 ha-

515 2537 633 2578 benis,

391 2582 460 2612 Ceu
484 2588 684 2621 spectetur,
709 2584 809 2624 agie:

300 2623 364 2677 {noe
394 2628 464 2667 est,
509 2627 618 2667 inquit
645 2629 856 2667 Gronovius,
891 2635 983 2657 nunc
1008 2625 1132 2666 pedes,
1167 2636 1258 2658 nunc
1284 2637 1390 2659 curru

289 2677 415 2709 juncto
452 2676 589 2712 pugnat.
646 2674 736 2711 Quid
767 2674 893 2705 audio!
943 2674 1086 2712 prense‘s
1118 2673 1264 2705 habenis
1303 2674 1390 2704 idem

296 2716 386 2755 quod
411 2716 539 2755 juncto
579 2718 714 2750 curru?
763 2729 886 2751 revera
919 2728 988 2750 non
1025 2718 1240 2750 credidissem
1269 2720 1332 2751 hoc
1369 2730 1390 2751 a

296 2763 472 2794 Gronovio
496 2766 684 2802 profectum
711 2773 807 2806 esse,
847 2774 932 2804 sno,
976 2765 1010 2794 et
1034 2764 1208 2804 vigilanti:
1242 2768 1276 2796 et
1303 2768 1388 2797 hene

295 2809 385 2847 quod
416 2808 506 2839 inter
543 2809 681 2842 Errata
705 2812 852 2849 ponitur.
896 2809 959 2840 Vir
986 2810 1105 2841 doctus
1131 2812 1194 2843 hoc
1218 2811 1254 2842 in
1275 2813 1388 2843 animo

294 2855 398 2886 fixum
430 2854 566 2896 habuit,
614 2854 656 2888 τὸ
686 2865 854 2895 prensum
882 2854 968 2884 idem
993 2865 1069 2886 esse
1096 2858 1184 2895 quod
1201 2857 1388 2898 junctu7115

294 2902 384 2932 unde
420 2910 552 2940 quaque
585 2901 762 2933 occasione
794 2902 859 2932 hoc
884 2900 1019 2939 ingerit.
1065 2902 1153 2937 Quid
1179 2904 1223 2934 sit
1244 2907 1387 2944 prensis

292 2947 458 2988 habenis,
493 2946 522 2977 si
548 2948 680 2987 nescis,
722 2948 814 2978 disce
839 2953 882 2978 ex
909 2947 974 2976 boe
996 2947 1073 2977 loco
1095 2949 1169 2979 Val.
1192 2950 1306 2980 Flacci
1330 2953 1386 2990 vl,

294 2994 373 3025 209.
401 2993 445 3024 de
471 2995 626 3035 Castore,
654 2997 831 3033 postquam
858 2999 903 3021 ex
937 3000 1024 3030 equo
1053 2992 1170 3024 Gelam
1196 2995 1391 3033 deJecerat:

897 3037 1127 3078 alipedemque

387 3084 546 3116 Constitit
570 3093 721 3115 excusso
747 3089 866 3115 vector
888 3084 997 3114 duce.-
1021 3085 1105 3114 rz’sit
1128 3085 1170 3115 ab
1199 3085 1277 3116 alta

325 3138 328 3141 ‘
382 3129 483 3160 Nube
496 3136 626 3170 pater,
650 3131 851 3170 prensisque
876 3131 1019 3170 equitem
1044 3132 1203 3170 cognorit
1225 3129 1384 3161 habenis:

292 3174 341 3205 ita
375 3175 524 3206 restituit
559 3178 731 3208 celeberr.
786 3178 999 3207 Burmannus
1032 3184 1094 3213 pro
1118 3179 1242 3209 rictor.
1289 3176 1386 3212 Risit,

291 3219 402 3261 inquit
428 3222 591 3267 Flaccus,
616 3224 760 3256 laetatus
783 3224 835 3255 est
860 3221 1017 3262 Juppiter
1038 3221 1102 3253 hoc
1127 3223 1185 3254 filii
1213 3222 1265 3255 sui
1289 3231 1385 3262 prae-

1145 386 1335 438 No'rsss
1367 399 1441 437 Ao
1473 387 1580 436 Lm.
1614 387 1650 435 1.
1686 389 1735 435 2.
2469 387 2579 459 1⁷3⁷,

1480 513 1608 545 clarum
1647 511 1779 544 facinus
1810 520 1977 552 cernens3
1992 504 1999 516 ⁶
2022 512 2058 544 et
2088 511 2203 544 statim
2237 511 2395 552 cognovit
2424 512 2567 553 equfeen·

1479 568 1576 600 esse,
1601 560 1793 599 Castorem,
1820 559 1906 600 (non
1929 559 2117 597 Famem,
2137 558 2197 591 ille
2224 558 2315 589 enim
2339 563 2462 589 caestu
2484 567 2567 597 gau-

1479 605 1593 650 debat)
1619 605 1698 644 qnia
1718 604 1875 637 habenas
1891 605 2151 647 prehenderat,
2172 606 2306 636 frenum
2333 609 2569 643 occupaverat

1479 651 1576 690 eqni:
1619 651 1685 683 hoc
1721 651 1810 682 enim
1841 653 1894 682 est
1919 654 2065 691 prensis
2094 652 2239 683 habenis
2264 652 2300 682 et
2324 649 2360 680 in
2385 650 2451 681 hoe
2474 649 2568 679 etin

1478 697 1577 730 Statii
1598 706 1703 736 supra
1726 697 1829 728 citato
1850 698 1948 739 loco,
1967 695 2113 738 prensis
2138 706 2232 729 nunc
2257 697 2372 728 celsus
2395 695 2540 726 habenis
2554 708 2566 727 .-

1475 753 1568 776 nunc
1592 742 1622 785 9
1633 744 1758 784 pedes,
1789 752 1881 775 nune
1914 744 2026 775 celsus
2056 743 2094 775 in
2115 753 2218 775 curru
2244 746 2280 775 et
2296 744 2413 786 frena
2434 746 2567 776 tenens,

1471 791 1615 830 prensis
1647 789 1818 830 habenis,-
1858 799 1928 821 nou
1960 799 2069 821 curru
2100 789 2237 829 jancto.
2289 790 2378 821 Nam
2417 787 2459 819 de
2483 786 2567 817 Tbe-

1478 835 1566 867 baid.
1592 836 1650 874 IV,
1676 837 1755 867 219.

1568 880 1680 912 Arma
1702 881 1808 912 simul
1827 890 2033 920 prensasque
2052 881 2138 922 jugo
2161 881 2363 911 moderatur
2382 878 2544 918 habenas,

1479 926 1639 966 imposuit
1672 928 1746 958 viro
1771 927 1898 960 eximio
1921 928 2037 968 locus,
2081 930 2121 958 ut
2143 926 2224 957 mihi
2248 925 2403 965 videtur,
2445 924 2567 963 depra-

1478 973 1680 1004 vatissimus.
1734 973 1834 1013 Elige
1859 973 1948 1005 enim
1979 984 2078 1012 quam
2104 973 2156 1004 vis
2181 974 2362 1003 verborum
2383 973 2568 1009 constr-uc-

1476 1019 1626 1056 tionem3
1663 1018 1735 1049 sive
1762 1019 1868 1060 hanc,
1909 1021 2107 1051 moderatur
2127 1020 2276 1050 habenas
2293 1025 2449 1059 prensus
2465 1015 2565 1057 jugo,

1477 1065 1526 1105 (id
1556 1067 1627 1104 cst,
1672 1066 1858 1096 secundum
1894 1066 2101 1097 Gronovium
2122 1065 2286 1104 junctas)
2314 1065 2435 1094 falsum
2459 1061 2565 1093 eonti-

1474 1112 1553 1140 net:
1595 1109 1718 1149 quippe
1743 1111 1894 1142 habenae
1917 1121 1985 1143 non
2005 1112 2204 1153 junguntur
2221 1110 2330 1151 jugo.-
2364 1102 2436 1140 siv’e
2457 1108 2565 1147 illam,

1466 1155 1555 1196 jugo
1577 1156 1770 1187 moderatur
1793 1155 1933 1195 prensas
1955 1158 2125 1198 habenas,
2171 1157 2317 1188 absurda
2341 1157 2411 1186 est:
2439 1154 2564 1195 jugum

1474 1202 1564 1232 enim
1597 1211 1667 1233 non
1703 1205 1811 1241 potest
1844 1203 2013 1235 moderari
2034 1205 2202 1234 habenas.
2248 1201 2341 1234 Nihil
2364 1201 2467 1241 igitur
2483 1199 2563 1230 hinc

1471 1248 1608 1287 probari
1641 1250 1773 1287 potest,
1814 1248 1881 1279 nisi
1907 1249 2019 1280 Iocum
2048 1259 2123 1280 esse
2148 1247 2448 1287 corruptissimum.
2473 1246 2562 1285 lege,

1559 1293 1671 1325 Arma
1693 1295 1799 1325 είιιιιιῖ
1826 1295 2025 1335 prensisque
2045 1297 2162 1335 jugum
2186 1296 2386 1325 moderatur
2410 1291 2560 1323 habenis.

1471 1338 1563 1370 Dicit
1589 1340 1825 1379 Amphiaraum
1851 1345 2015 1372 armatum
2041 1350 2191 1381 pugnare
2220 1350 2239 1370 e
2264 1349 2390 1371 curru:
2425 1338 2562 1369 sinistra

1470 1394 1571 1416 mauu
1594 1396 1718 1423 arma,
1750 1387 1879 1427 id·est,
1906 1389 2051 1427 clipeum
2075 1388 2291 1425 moderatur,
2315 1387 2438 1415 dextra
2455 1393 2561 1424 pren-

1470 1433 1519 1462 δίε
1544 1432 1712 1469 habenae,
1733 1437 1853 1463 tenens
1876 1433 2043 1473 habenas,
2066 1434 2154 1472 regit
2179 1435 2213 1462 et
2238 1432 2431 1462 moderatur
2455 1437 2560 1467 equos

1471 1485 1533 1506 seu
1568 1487 1716 1508 currum.
1763 1478 1855 1508 Nihil
1883 1479 1952 1517 jam
1977 1479 2151 1510 intellectu
2175 1477 2317 1508 facilius.
2363 1477 2409 1506 Et
2434 1475 2485 1505 his
2508 1475 2559 1504 lo-

1474 1522 1522 1553 cis
1554 1524 1701 1554 maxime
1745 1524 1962 1555 confirmatur
1996 1525 2084 1564 quod
2121 1524 2192 1555 dixi
2225 1523 2267 1553 de
2297 1522 2434 1552 notione
2466 1519 2560 1550 vocis

1466 1570 1640 1608 prendere
1663 1578 1725 1608 pro
1743 1568 1894 1610 jungere
1918 1572 2052 1609 quando
2079 1571 2120 1600 de
2150 1572 2245 1610 equis
2273 1569 2330 1598 vel
2355 1569 2460 1599 bobus
2488 1574 2560 1596 ser-

1468 1624 1525 1645 mo
1548 1618 1618 1653 est,
1650 1618 1766 1647 aratro
1790 1617 1846 1646 vel
1869 1617 1987 1648 currui
2007 1615 2182 1649 adhibitis:
2215 1623 2336 1653 nempe
2359 1613 2438 1653 quia
2461 1621 2560 1642 oceu-

1463 1666 1603 1700 pantur
1634 1664 1668 1692 et
1708 1671 1729 1692 a
1753 1663 1905 1704 feritate
1937 1672 1998 1694 sua
2032 1663 2067 1694 in
2103 1662 2268 1692 mitiorem
2292 1661 2440 1691 habitum
2469 1657 2561 1688 redi-

1467 1710 1611 1746 guntur:
1655 1710 1710 1739 cui
1747 1717 1958 1747 consequens
1991 1712 2043 1740 est
2078 1711 2115 1739 ut
2137 1709 2336 1749 jungantur
2355 1710 2481 1737 aratro
2502 1703 2562 1736 vel

1469 1757 1602 1785 currui.
1654 1755 1766 1784 Extra
1796 1754 1856 1785 hos
1888 1755 1972 1786 fines
2003 1757 2134 1795 prendi
2156 1764 2216 1794 pro
2243 1754 2349 1794 jungi·
2371 1754 2464 1783 recte
2491 1749 2559 1780 dici

1466 1809 1565 1838 posse
1602 1808 1673 1831 non
1705 1803 1808 1838 puto:
1855 1810 1919 1832 nec
1946 1801 1982 1832 in
2004 1803 2071 1832 isto
2093 1800 2270 1832 Claudiani
2294 1801 2391 1839 loco,
2424 1796 2560 1840 fmnulc'

1468 1855 1609 1876 currum
1637 1846 1786 1883 junxere
1809 1847 1999 1888 volantem,
2040 1847 2244 1878 substituere
2269 1848 2367 1884 potes
2385 1842 2558 1884 prende‘re

1464 1892 1521 1922 vel
1548 1892 1777 1932 prendidfre,
1822 1889 1887 1933 (ut
1924 1894 1984 1925 Sil.
2018 1893 2156 1924 Italicus
2182 1891 2301 1933 effert)
2336 1899 2400 1920 nec
2427 1889 2464 1919 in
2490 1888 2557 1918 isto

1465 1936 1660 1977 Ciceronis,
1700 1946 1721 1967 a
1754 1937 1928 1969 Gronovio
1954 1939 2076 1979 citato,
2127 1939 2252 1969 Ved1·us
2277 1938 2372 1967 venit
2394 1935 2480 1966 milti
2501 1934 2555 1964 ob-

1463 1986 1556 2014 viam
1592 1993 1669 2013 eum
1698 1984 1828 2014 duobus
1862 1987 1993 2016 essedis
2019 1991 2055 2017 et
2073 1985 2178 2016 rheda
2200 1985 2295 2025 equis
2316 1982 2456 2021 juncta,
2497 1987 2555 2009 ae-

1465 2039 1529 2069 que
1561 2030 1647 2060 beue
1678 2029 1806 2059 dixisse
1830 2032 1942 2068 potuit
1961 2031 2067 2062 rheda
2088 2031 2182 2070 equis
2202 2038 2348 2070 prensa.
2395 2027 2555 2056 Prensua

1463 2085 1546 2107 vero
1556 2084 1618 2114 pro
1632 2080 1825 2115 occupatus
1844 2077 2041 2108 tralatitium
2062 2080 2124 2111 est.
2144 2078 2269 2108 Noster
2283 2075 2384 2105 Theb.
2403 2074 2460 2112 vl,
2473 2072 2552 2102 479.

1554 2121 1643 2152 Mos
1684 2122 1839 2153 Chromis
1871 2123 2126 2164 Hippodamum
2158 2128 2268 2154 melae
2304 2120 2482 2152 interseris
2507 2118 2558 2147 ad

1682 2168 1797 2198 orbem

1553 2213 1629 2243 Axe
1652 2217 1747 2245 tenet
1770 2222 1916 2253 prenso:

1464 2258 1499 2288 et
1523 2259 1602 2290 641.

1904 2304 2057 2334 clamore
2078 2306 2235 2334 recurrit

1554 2347 1644 2380 Ante
1669 2350 1787 2380 ducem
1810 2358 2000 2391 prensaque
2023 2351 2120 2380 let-at
2138 2349 2296 2389 :aspir-²⁶11
2317 2346 2439 2385 palma.

1461 2394 1577 2425 Habeo
1611 2398 1645 2425 et
1677 2396 1766 2434 quod
1801 2405 1967 2434 opponam
2002 2395 2230 2426 emendationi
2257 2390 2494 2424 Gronovianae
2513 2386 2552 2417 in

1460 2441 1599 2481 Tacito,
1648 2443 1682 2471 et
1718 2440 1838 2472 ovidio
1870 2442 1926 2473 ubi
1956 2442 2039 2480 legit
2055 2451 2205 2481 prensos
2228 2449 2290 2479 pro
2309 2444 2465 2477 pressos.
2490 2441 2550 2463 ve-

1458 2486 1510 2517 lut
1535 2487 1599 2518 huc
1625 2488 1776 2518 Senecae
1799 2489 1900 2518 Herc.
1927 2488 2008 2518 Fur.
2038 2489 2137 2518 1019.

1550 2535 1705 2573 Jugoque
1727 2542 1879 2573 pressum
1904 2534 2015 2564 libera
2038 2535 2138 2573 turpi
2161 2530 2302 2561 Jorcm:

1458 2577 1516 2608 ubi
1550 2579 1579 2610 si
1615 2581 1706 2618 legat
1726 2589 1916 2620 prensam,
1956 2579 2106 2616 ingeram
2131 2577 2179 2607 illi
2205 2577 2267 2606 hoe
2292 2570 2428 2604 Autoris
2452 2570 2548 2600 Octa·

1460 2624 1537 2654 viae
1574 2635 1605 2655 v.
1632 2627 1711 2656 250.
1737 2625 1840 2656 Orbis
1864 2631 2062 2664 tyrannus,
2109 2632 2206 2664 quem
2228 2619 2350 2661 premit
2377 2617 2475 2655 turpi
2493 2615 2549 2653 ju-

1459 2680 1523 2710 go:
1569 2674 1604 2702 et
1637 2672 1717 2703 413.
1751 2679 1904 2710 premere
1943 2669 2114 2708 subjectos
2137 2671 2219 2708 jugo
2247 2668 2362 2697 Tauro
2381 2665 2546 2706 fervent

1459 2719 1494 2747 et
1526 2717 1610 2748 alios
1634 2716 1776 2747 aliorum
1801 2717 1903 2747 locos.
1931 2716 2008 2746 vide
2034 2716 2129 2746 ovid.
2156 2715 2239 2746 Met.
2268 2713 2345 2751 XII,
2369 2712 2423 2741 77.
2448 2706 2550 2742 Quod

1459 2771 1541 2794 vero
1582 2765 1701 2794 contra
1742 2763 1951 2794 Gronovium
1989 2761 2156 2800 disputavi
2191 2760 2273 2791 nolo
2307 2758 2355 2788 ita
2386 2753 2546 2792 accipias,

1457 2810 1601 2851 Lector,
1633 2808 1728 2847 quasi
1755 2810 1947 2848 praefracte
1969 2809 2151 2845 affirmem3
2193 2816 2263 2837 non
2289 2804 2363 2834 dico
2389 2802 2472 2832 haec
2498 2798 2547 2829 ita

1457 2862 1560 2894 ESSE,
1599 2855 1656 2886 sed
1694 2863 1831 2886 vinnm.
1876 2856 1938 2886 llle
1965 2854 2074 2895 enim,
2116 2854 2146 2885 si
2174 2853 2368 2892 quisquam,
2408 2846 2544 2884 linguae

1457 2900 1600 2931 Latinae
1626 2901 1772 2932 indolem
1797 2901 1935 2940 pulchre
1955 2902 2166 2939 perspectam
2189 2897 2323 2934 habuit,
2363 2896 2397 2924 et
2426 2892 2459 2922 in
2487 2899 2545 2930 pe-

1457 2946 1623 2976 nitissima
1656 2948 1729 2986 ejus
1756 2956 1883 2977 arcana
1904 2946 2104 2986 penetravit.
2151 2945 2216 2977 Sed
2244 2941 2347 2973 nimia
2372 2939 2545 2969 Eruditio-

1456 3003 1500 3022 ne
1524 2993 1669 3032 (audebo
1692 2993 1820 3031 dicere)
1853 2993 1888 3022 in
1913 2993 2020 3024 Statio
2044 2991 2244 3030 explicando
2269 2998 2335 3019 non
2360 2995 2438 3017 raro
2465 2993 2544 3023 pec-

1457 3037 1567 3076 cavit,
1613 3038 1691 3068 dum
1718 3037 1829 3068 minus
1856 3039 1973 3069 obvias
1997 3038 2163 3068 lectiones
2186 3040 2220 3069 et
2243 3031 2548 3072 interpretationes

1456 3086 1592 3113 secutus
1627 3085 1699 3123 est,
1743 3086 1778 3113 et
1812 3083 1996 3114 doctrinam
2021 3083 2288 3122 intempestivam
2316 3076 2542 3119 impingendo,

1456 3130 1626 3160 eruditum
1656 3127 1766 3167 potius
1792 3139 1888 3167 quam
1911 3131 2033 3160 bonum
2057 3131 2191 3168 poetam
2213 3128 2355 3162 Statium
2380 3133 2455 3155 esse
2482 3131 2543 3152 ro-

1454 3174 1537 3205 luit:
1577 3175 1666 3212 quod
1700 3184 1720 3205 a
1752 3184 1805 3205 me
1840 3175 1909 3205 suis
1937 3176 2025 3207 locis
2061 3178 2212 3207 notatum
2245 3172 2409 3205 iuvenies.
2464 3171 2539 3207 Ipse

1454 3220 1538 3252 alias
1572 3220 1690 3253 barum
1719 3230 1831 3253 rerum
1864 3221 1974 3261 judex
2006 3225 2081 3254 erat
2112 3224 2147 3254 et
2179 3223 2320 3254 exactor
2345 3215 2538 3254 acerrimu-
