2892 3840
383 548 458 580 Nisi
489 549 625 580 multum
655 549 754 580 fallor
782 546 914 585 scripsit
939 545 1077 583 Statius,

661 595 787 625 Parcis
814 593 929 623 laeiles
953 589 1153 631 urgentibus
1176 596 1314 619 annos.-

383 639 447 670 hoc
473 639 673 679 exquisitam
709 639 798 671 illius
823 637 1024 677 elegantiam
1050 635 1156 666 decet.
1204 633 1363 665 Thebaid.
1388 633 1466 675 XII,

385 687 461 718 736.

794 728 908 758 taedet
927 727 1153 769 fugientibus
1178 727 1233 756 uti

476 777 630 814 Thesea,
665 785 728 804 nec
756 774 888 803 facilem
913 774 1079 814 dignatur
1102 773 1232 806 dextra
1253 779 1419 801 cruorem.

383 833 430 863 ita
449 833 583 874 faciles
601 834 735 862 turmas
759 830 988 870 ‘1het›.V1¹1,
1028 831 1107 861 571.
1136 837 1221 867 quae
1239 829 1407 870 faciliter
1433 827 1466 857 et

383 878 476 908 nullo
502 879 618 907 labore
644 876 846 914 vincuntur5
893 876 1012 906 eadem
1037 874 1218 914 elegantia.
1268 874 1338 904 tal
1367 873 1466 905 Flac-

384 925 500 960 cusl,
528 925 601 953 151.

471 967 635 998 Haecine
661 976 722 997 nos
749 966 881 998 am‘mae
904 967 1021 998 faciles
1046 971 1125 997 rate
1151 966 1275 996 nubila
1295 968 1420 995 contra

473 1013 624 1044 Mz'llz'mu
628 1021 647 1041 1·
656 1011 672 1042 ‚⁹

381 1060 510 1089 Seneca
541 1059 581 1089 ilc
612 1057 725 1088 Benef.
754 1059 819 1098 lV,
866 1060 921 1090 18.
966 1058 1042 1089 Fac
1067 1066 1130 1089 nos
1159 1057 1336 1097 singulos:
1384 1054 1467 1094 quid

381 1103 527 1134 simius?
574 1105 713 1143 praeda
746 1105 973 1145 animalium,
1017 1115 1061 1135 ac
1097 1103 1384 1135 imbecillissimus
1417 1110 1462 1130 ac

379 1149 558 1181 facillimus
595 1149 744 1189 sanguis.
791 1150 846 1182 Sic
861 1152 997 1194 faciles
1023 1151 1145 1181 herbas
1169 1149 1269 1179 Theb.
1295 1150 1357 1187 IV,
1383 1149 1461 1177 787.

372 1197 504 1237 facilis
542 1196 632 1228 unda
667 1196 864 1234 Propertio:
902 1207 988 1236 quae
1022 1196 1169 1227 faciliter
1207 1194 1295 1225 cedit
1331 1195 1365 1224 et
1392 1202 1460 1222 non

379 1244 522 1273 resistit.
571 1242 799 1278 Quintilianus
827 1244 976 1273 Declam.
1004 1245 1032 1273 1.
1059 1243 1154 1273 illum
1174 1242 1360 1282 Infelicem,
1387 1249 1464 1269 cae-

380 1297 476 1328 cum,
503 1289 730 1319 contumeliae
754 1293 1004 1329 opportunum,
1031 1288 1177 1327 injuriae
1202 1286 1343 1317 facilem.
1390 1286 1462 1315 Hae

378 1342 461 1364 vero
498 1343 598 1364 voces
633 1336 795 1374 perpetuo
822 1337 1082 1365 commutantur.
1108 1334 1154 1364 ita
1180 1333 1281 1363 Theb.
1306 1334 1356 1371 ll,
1383 1332 1462 1361 664.

377 1388 439 1418 pro
460 1381 616 1421 fragiles
644 1381 786 1422 thyrsos²
812 1383 882 1412 MS.
903 1381 1074 1412 Petrensis
1090 1380 1353 1420 habetfaciles.
1379 1379 1462 1408 Mox

379 1434 409 1455 v.
444 1427 518 1458 150.
554 1436 615 1464 pro
652 1429 761 1458 omnis
797 1427 872 1466 lege
905 1437 1045 1458 omnes.-
1094 1427 1274 1466 relliquias
1319 1423 1461 1453 scilicet.

377 1471 474 1508 hujus
521 1481 591 1502 non
630 1473 817 1503 monendus
859 1482 950 1503 esses
984 1473 1050 1503 nisi
1082 1471 1260 1502 Editiones
1296 1469 1461 1508 plurimae

379 1525 465 1554 quae
493 1518 616 1555 ubique
643 1518 727 1549 alias
753 1519 901 1549 retinent
927 1527 1043 1549 omnes
1069 1517 1103 1547 in
1131 1520 1252 1555 quarto
1280 1524 1357 1546 casu
1386 1516 1461 1553 plu-

377 1562 454 1602 rali,
480 1561 531 1594 hic
556 1564 718 1595 haberent
741 1566 879 1604 omnis;
905 1565 999 1603 quasi
1026 1566 1115 1594 esset
1132 1564 1240 1594 omnis
1265 1561 1299 1591 in
1329 1564 1374 1603 te,
1400 1570 1461 1600 pro

379 1613 482 1639 totus.

423 1674 456 1696 v.
487 1666 559 1697 159.
610 1666 710 1704 Quod
742 1667 810 1697 tibi
839 1675 1017 1705 purpureo
1053 1666 1169 1696 tristis
1197 1671 1312 1695 ROGUS
1338 1673 1462 1704 aggere

383 1712 509 1749 crevit]
548 1713 619 1742 MS.
657 1712 817 1742 Senensis
851 1714 885 1742 et
920 1713 1015 1743 Rom.
1053 1713 1087 1741 et
1120 1712 1239 1741 Venet.
1272 1709 1374 1739 Editt.
1413 1711 1462 1749 (et

378 1757 584 1795 Parmensis)
620 1757 742 1788 habent
775 1761 898 1789 tristis
935 1765 1072 1797 TORUS‚
1119 1759 1262 1787 notante
1288 1755 1460 1786 Gronovio

378 1803 488 1834 Diatr.
514 1812 541 1832 c.
567 1803 674 1834 XVII.
705 1806 738 1834 et
766 1805 917 1834 firmante
942 1803 1029 1834 banc
1052 1802 1234 1833 lectionem
1256 1801 1334 1832 loco
1358 1800 1459 1832 Theb.

379 1851 423 1880 VI
469 1848 523 1879 54.

434 1871 444 1891 ³
472 1894 648 1924 Tristibus
677 1898 815 1925 interea
838 1895 947 1924 ramis
975 1898 1164 1933 teneraque
1192 1901 1357 1932 cupresso

469 1940 669 1970 Damnatus
685 1939 856 1980 flammae
878 1947 995 1971 'sonus
1023 1945 1059 1970 et
1078 1939 1217 1978 puerile
1234 1939 1414 1981 feretrum

471 1986 627 2015 Texitur.

377 2031 422 2061 Et
445 2041 479 2062 v.
507 2032 562 2061 69.

470 2078 537 2108 Ceu
555 2077 690 2117 grande
710 2078 864 2117 exequiis
886 2085 972 2107 onus
993 2080 1098 2115 atque
1114 2077 1282 2106 immensa
1287 2075 1461 2117 ferantur

469 2122 625 2154 Membra
649 2130 758 2154 TORO.

378 2167 496 2205 quibus
530 2169 633 2200 addas
667 2168 747 2199 licet
779 2168 842 2199 hoc
876 2176 920 2197 ex
951 2166 1069 2197 Pietat.
1102 2167 1224 2197 Abasc.
1256 2174 1289 2196 v.
1311 2166 1391 2197 214.
1419 2165 1460 2195 de

377 2213 549 2246 Priscillae
575 2215 707 2256 funere,
1161 2257 1187 2287 n

1069 2261 1111 2288 at
1135 2267 1158 2287 a
1189 2259 1219 2288 is

467 2305 559 2343 Ipsa
589 2311 698 2336 'roms
733 2304 856 2335 Serum
896 2303 1066 2342 Tyrioque
1097 2304 1259 2334 umbrata
1293 2303 1464 2334 recumbit

475 2351 643 2392 Tegmzssne

379 2395 517 2427 Ovidius
541 2398 622 2428 Met.
647 2396 717 2436 IX,
747 2396 824 2427 502.

464 2441 586 2486 9Α11τ,
606 2442 671 2473 Ιιοο
697 2445 730 2474 si
751 2452 889 2484 nequeo,
909 2453 1057 2483 peream
1071 2451 1200 2484 precor
1226 2447 1321 2484 ante,
1343 2450 1460 2474 'rono-

467 2496 830 2574 MortuchEomponar.

376 2588 500 2619 lectum
524 2592 625 2621 vocat
645 2590 799 2621 Persius:
845 2591 1047 2630 tandemque
1071 2592 1231 2623 beatulus
1255 2593 1331 2624 alto
1360 2594 1457 2624 Com-

373 2637 514 2672 positus
550 2644 674 2667 LECTO.
732 2636 899 2667 Martialis
922 2638 1020 2677 vm,
1055 2638 1113 2668 44.
1161 2638 1294 2669 Fartus
1316 2648 1456 2679 papyro

377 2680 456 2710 (lum
477 2683 542 2712 tibi
561 2690 679 2713 ’sonus
706 2683 842 2713 crescit.
885 2683 995 2713 Torus
1020 2681 1074 2712 hic
1098 2685 1355 2715 comburebatur
1379 2695 1456 2716 cum

377 2735 539 2765 corpore:
581 2729 670 2758 unde
701 2730 901 2759 {lavinatum
928 2726 1097 2766 flammae
1120 2733 1231 2760 torum
1255 2732 1356 2760 vocat
1375 2731 1452 2762 loco

378 2779 480 2810 supra
504 2773 617 2805 citato.
664 2774 833 2814 Sequitur,
859 2783 892 2803 v.
919 2776 994 2803 161.
1019 2773 1209 2815 Phariique
1230 2778 1364 2815 (PALAM
1385 2785 1453 2809 EST

376 2819 538 2858 VIDmUE)
563 2821 726 2861 liquores.
780 2818 928 2859 Egregia
950 2819 1119 2850 restitutio
1145 2823 1196 2852 est
1233 2822 1352 2852 summi
1386 2823 1450 2855 viri

377 2864 478 2895 Joan.
505 2866 643 2896 Seldeni
678 2866 868 2902 Nosti-atis3
911 2864 966 2903 qui
990 2866 1181 2904 Prolegom.
1203 2868 1247 2898 ad.
1274 2870 1455 2909 Syntagma

379 2909 421 2939 de
452 2911 511 2941 Dls
544 2912 636 2952 Syris
677 2923 708 2951 p.
744 2915 776 2943 7.
808 2911 913 2951 legit,
961 2911 1146 2951 Phariique
1166 2914 1455 2952 PALAESTleUF.

378 2956 538 2995 liquores.
586 2957 675 2990 Nihil
698 2958 830 2989 verius:
866 2956 971 2987 etita
997 2957 1115 2988 Pietat.
1146 2960 1268 2994 Abasc.
1292 2970 1328 2992 v.
1349 2963 1429 2994 212.

808 3009 1067 3044 praereptaque
1089 3006 1223 3045 templis

475 3046 591 3084 Tura,
611 3048 794 3080 Palaestini
817 3049 924 3081 simul
948 3049 1168 3092 Hebraeique
1190 3051 1342 3092 liquores

468 3091 640 3124 Arsurum
668 3095 788 3126 lavere
814 3104 961 3127 comam.

380 3142 463 3174 Vide
496 3148 600 3179 totum
631 3150 761 3191 locum,
801 3151 880 3183 huic
903 3151 1120 3183 simillimum.
1148 3154 1198 3192 [v.
1226 3155 1302 3186 164.
1326 3155 1455 3187 Deser-

380 3193 436 3218 tas
457 3196 593 3224 exosus
617 3204 707 3233 opes.
735 3199 818 3227 ven.
840 3199 875 3228 et
899 3198 993 3228 Rom.
1017 3205 1179 3231 sxu‘rus:
1204 3200 1292 3231 forte
1314 3202 1454 3234 rectius.

379 3232 427 3264 ita
446 3234 561 3276 Eclog.
585 3239 640 3269 VI.
667 3239 763 3279 hujus
786 3242 889 3283 libri,
913 3251 949 3273 v.
974 3245 1029 3275 60.
1051 3243 1088 3275 in
1112 3254 1151 3277 re
1170 3245 1284 3287 simili,

1197 417 1383 469 NOTAE
1419 429 1488 466 An
1522 415 1627 465 Lm.
1654 415 1710 463 Il.
1751 417 1792 463 1.

2522 431 2616 483 981

1627 539 1669 571 O
1685 549 1787 580 quum
1811 541 1943 570 dimitiis
1964 547 2140 581 censuque
2161 548 2308 575 ‘fxv-rus
2326 546 2446 584 opn'ena

1625 586 1785 623 Fortior,
1813 586 1924 625 L'rse,
1942 582 2075 627 fitrcs!

1534 633 1674 663 verbum
1707 631 1840 671 utrique
1872 631 1965 662 casui
2006 630 2150 662 inservit
2185 635 2287 671 prout
2316 634 2468 666 omnibus
2501 636 2618 664 notum

1537 679 1599 710 est.
1637 679 1694 709 Ex
1719 680 1826 717 Ana]
1852 679 1959 718 Mox,
2000 686 2031 707 v.
2062 679 2137 708 168.
2156 682 2240 710 eune
2263 679 2321 710 ille
2340 680 2470 712 hilaris
2496 682 2618 711 comis-

1536 733 1606 764 que
1634 723 1772 755 videris.
1810 726 1904 754 recte
1938 723 2131 754 Gronovius
2164 732 2208 754 ex
2243 726 2314 757 MS.
2346 727 2426 758 sen.
2455 729 2489 757 et
2514 725 2616 757 Editt.

1535 770 1629 800 Rom.
1656 772 1689 800 et
1716 772 1837 801 Venet.
1861 769 2010 800 restituit
2032 771 2204 810 comisque
2226 770 2355 808 videri;
2381 773 2436 811 ut,
2464 781 2618 812 parvus·

1535 825 1599 856 que
1623 815 1752 856 videri,
1781 815 1973 855 sentirique
1997 817 2050 856 in
2038 825 2139 855 vens,
2167 817 2265 847 Herm
2289 815 2480 856 Epitrapez.
2504 827 2536 848 v.
2562 819 2616 850 37.

1536 864 1571 891 et
1604 861 1706 892 Theb.
1746 863 1808 902 Vl,
1857 864 1934 894 731.
1987 863 2149 893 Constitit
2170 861 2323 893 immanis
2348 862 2460 903 cerni,
2501 863 2617 894 imma-

1534 907 1655 945 nisque
1683 907 1769 938 tueri
1795 906 1975 948 Argolicus
2006 909 2217 947 Capaneus:
2241 908 2288 940 ita
2312 909 2399 939 enim
2420 908 2552 948 legend.
2572 917 2618 941 ex

1533 955 1606 985 MS.
1642 952 1793 984 Petrensi
1833 956 1867 983 et
1893 954 1940 984 ita
1965 962 2008 983 ex
2034 953 2101 984 alio
2125 954 2249 985 Codice
2273 957 2308 985 et
2325 957 2398 987 vot.
2420 955 2509 987 Edit.
2534 954 2617 994 legit

1534 999 1726 1031 Gronovius
1754 999 1843 1031 Diat.
1869 1010 1897 1033 c.
1931 1000 2022 1031 XVI.
2070 1000 2139 1030 nes
2160 1010 2220 1040 per
2241 1010 2284 1031 se
2307 1000 2400 1033 clara
2426 1003 2498 1033 est-z
2537 1000 2615 1033 ideo

1533 1045 1721 1086 exemplis,
1772 1055 1858 1086 quae
1899 1045 2000 1077 obvia
2027 1048 2128 1088 sunt,
2169 1056 2237 1078 non
2263 1048 2393 1079 abutar.
2440 1049 2492 1079 lta
2515 1047 2617 1079 etiam

1531 1092 1732 1124 Parmensis.

1576 1147 1608 1169 v.
1638 1140 1713 1169 172.
1760 1137 1986 1177 Dilectosque
2003 1139 2134 1177 premis
2164 1139 2260 1168 visus
2284 1142 2320 1169 et
2329 1139 2474 1181 fmgula
2499 1137 2616 1170 lambis

1624 1183 1773 1221 Oscula]
1824 1183 2005 1213 Vei-issima
2032 1183 2222 1214 emendatio
2244 1184 2355 1223 magni
2375 1185 2529 1228 Bentleii,
2552 1193 2615 1225 pro

1533 1230 1656 1260 lambis
1682 1227 1824 1268 legentis
1848 1230 1948 1259 libas.
1996 1230 2120 1260 Noster
2145 1230 2246 1261 Theb.
2270 1230 2312 1260 Χ.
2339 1232 2394 1262 63.

1624 1274 1777 1306 Lumine
1795 1275 1949 1306 demisso
1964 1278 2070 1314 pueri
2094 1276 2194 1308 Jovis
2226 1276 2342 1307 oscula
2367 1276 2456 1308 libat.

1531 1319 1615 1350 Vide
1645 1330 1721 1351 eum
1757 1322 1834 1351 Not.
1862 1321 1903 1350 ad
1928 1322 2045 1351 Horat.
2068 1323 2173 1352 Scrm.
2198 1323 2253 1362 1¹,
2291 1325 2326 1352 6.
2352 1323 2409 1353 nbi
2430 1323 2528 1362 plura
2552 1328 2617 1353 ex-

1533 1367 1652 1404 empla.
1700 1368 1822 1397 Posses
1851 1366 1949 1396 etiam
1963 1368 2103 1408 flv'gida
2125 1366 2234 1405 carpis
2254 1366 2421 1410 Oscula,
2461 1371 2499 1401 ut
2525 1368 2614 1408 apud

1533 1412 1687 1443 Ovidium
1712 1411 1847 1443 Beroia.
1873 1412 1942 1452 XI,
1971 1415 2046 1443 117.
2075 1413 2116 1442 de
2140 1423 2177 1443 re
2201 1412 2319 1444 simili:

1623 1459 1700 1488 Non
1725 1459 1993 1499 superine-abui,
2019 1469 2088 1490 non
2110 1460 2226 1490 oscula
2248 1459 2368 1499 frigida
2392 1458 2513 1498 carpsi.

1531 1502 1690 1534 Thebail.
1716 1507 1782 1543 ΙΙΙ,
1808 1506 1890 1534 711
2265 1517 2314 1549 1
2335 1526 2341 1529 -

1623 1551 1725 1580 Illius
1749 1550 1906 1580 humenti
1931 1557 2074 1587 carpens
2091 1555 2198 1588 pater
2220 1529 2349 1581 oscula
2361 1551 2470 1585 vultu.

1531 1594 1728 1632 Propertius
1752 1596 1914 1634 Eteg.1,
1939 1596 1993 1625 20.
2020 1595 2061 1625 de
2091 1596 2195 1626 Zetho
2219 1600 2253 1626 et
2277 1596 2392 1627 Calai.

1623 1643 1746 1672 Oscula
1770 1642 1949 1679 suspensis
1975 1642 2161 1672 instabant
2185 1651 2324 1681 carpere
2343 1643 2496 1682 pennis:

1531 1685 1579 1715 ita
1605 1686 1804 1726 legendum;
1844 1687 1944 1725 vulgo
1965 1687 2117 1726 plumis,
2158 1687 2282 1727 inepte.
2328 1687 2395 1719 Sed
2422 1686 2536 1718 verior
2561 1686 2614 1717 est

1531 1735 1719 1765 emendatio
1754 1732 1971 1769 Rentleiana3
2016 1736 2050 1763 et
2084 1733 2169 1764 hauc
2195 1734 2231 1764 in
2254 1735 2458 1766 contextum
2484 1731 2611 1773 recepi.

1530 1780 1635 1820 Mox,
1678 1789 1710 1810 v.
1747 1781 1821 1810 178.
1854 1780 2015 1819 gemitum
2043 1780 2237 1820 firmaque
2265 1789 2415 1819 aevoque
2449 1784 2611 1810 meretur.

1529 1825 1680 1856 Debetur
1714 1825 1776 1855 boc
1811 1828 1899 1856 Jano
1931 1824 2110 1854 Gulielinio
2135 1826 2274 1861 Quaest.
2301 1825 2476 1857 Plautinis.
2522 1826 2611 1856 Ante

1529 1870 1593 1900 fuit
1612 1873 1802 1913 formaque
1838 1879 1877 1900 ac
1902 1879 1986 1900 voce
2013 1875 2173 1901 meretur.
2220 1875 2329 1911 supra
2356 1871 2471 1904 notavi
2493 1870 2612 1902 litora·
2669 1908 2672 1911 ,

1531 1926 1550 1945 e
1575 1919 1608 1946 et
1633 1927 1677 1957 qu
1702 1925 1803 1955 saepe
1827 1915 2009 1955 confundi,
2035 1919 2072 1946 ut
2094 1916 2128 1946 in
2157 1923 2273 1949 coetus
2293 1927 2354 1958 pro
2373 1923 2541 1959 quesne.-
2562 1916 2612 1948 ita

1527 1960 1582 1992 hic
1616 1972 1698 1993 voce
1731 1972 1791 2001 pro
1817 1971 1935 2002 voque.
1963 1962 2063 1993 immo
2088 1962 2231 2001 simplex
2257 1975 2278 2004 q
2309 1973 2370 2003 pro
2393 1973 2437 2002 ee
2480 1962 2531 1994 ita
2551 1969 2614 1994 Pr:-

1530 2016 1640 2043 quu
1679 2018 1738 2049 pro
1776 2016 1949 2048 pecuum,
1995 2009 2221 2047 Inscriptione
2252 2012 2325 2041 vet.
2362 2010 2453 2050 apud
2487 2008 2612 2040 Reine—

1531 2054 1640 2085 sium:
1693 2065 1790 2093 quam
1836 2057 1947 2085 tamen
1982 2055 2204 2093 scriptionem.
2237 2055 2406 2095 improbat
2436 2054 2613 2095 sosipater

1530 2100 1700 2132 Charisius
1724 2111 1756 2140 p.
1787 2100 1841 2132 83.
1865 2100 1916 2130 his
1943 2101 2072 2132 verbis:
2100 2101 2247 2132 Pecunia
2265 2112 2331 2142 per
2349 2113 2368 2134 e
2390 2112 2458 2134 παι
2475 2111 2544 2143 per
2565 2111 2612 2143 qu

1531 2148 1715 2178 scribenda
1738 2152 1814 2183 est,
1845 2149 2004 2188 quoniam
2029 2158 2054 2178 a
2078 2157 2203 2186 pecore
2228 2149 2351 2180 dicta.-
2393 2153 2430 2180 et
2451 2149 2612 2188 quoniam

1530 2204 1551 2233 q
1586 2194 1725 2223 literam
1762 2203 1935 2233 nusquam
1965 2194 2088 2225 volunt
2112 2197 2201 2233 pom·
2235 2195 2332 2226 alias
2365 2197 2442 2226 nist·
2461 2200 2502 2226 ue
2520 2195 2613 2225 duae

1531 2240 1670 2270 vocales
1702 2244 1916 2279 sequantur,
1956 2249 2104 2280 quarum
2132 2243 2233 2279 prior
2270 2243 2316 2274 sit
2345 2250 2377 2271 u.
2399 2241 2528 2272 Mariu-
2552 2239 2612 2272 Vi-

1530 2285 1680 2317 ctorinus
1712 2295 1742 2324 p.
1777 2287 1880 2316 2459.
1938 2285 2008 2316 Sed
2037 2296 2101 2316 nec
2123 2297 2146 2327 g
2170 2287 2302 2327 quidem
2324 2297 2389 2318 nec
2412 2298 2434 2328 q
2457 2285 2609 2317 Latinus

1529 2341 1639 2363 sermo
1665 2333 1891 2362 introduxit:
1913 2340 1959 2362 ex
1987 2333 2109 2372 quibus
2136 2343 2158 2372 q
2181 2338 2216 2363 et
2234 2334 2356 2374 fuisse
2377 2334 2473 2372 apud
2499 2331 2609 2363 Grae-

1530 2387 1587 2409 cos
1598 2387 1614 2417 ;
1640 2383 1672 2409 ee
1690 2387 1799 2418 quare
1815 2379 1993 2409 desiderat
2001 2380 2113 2420 fungi
2130 2380 2205 2409 vice
2214 2380 2339 2411 literae
2350 2389 2380 2415 c,
2404 2386 2609 2419 cognoscere

1522 2425 1672 2465 potestis
1693 2427 1729 2455 si
1753 2423 1961 2463 Pontificum
1985 2425 2091 2456 libros
2114 2424 2279 2464 legeritis.
2304 2425 2352 2456 ita
2371 2424 2606 2461 seribendum3

1526 2471 1650 2510 vulgo,
1686 2471 1808 2501 literae
1835 2479 2063 2512 cognoscere,
2094 2470 2220 2501 omissa
2243 2469 2284 2501 e(
2319 2472 2426 2501 Versu
2454 2470 2608 2510 proxime

1529 2515 1697 2555 sequenti:

1622 2562 1718 2592 Talis
1734 2562 1770 2590 in
1793 2559 2001 2591 Isthmiacos
2012 2567 2200 2591 PROLATUS
2219 2562 2264 2593 ab
2284 2571 2433 2602 aequore
2454 2567 2606 2601 portus:

1524 2608 1664 2638 Roman.
1696 2612 1902 2637 nonnus:
1949 2607 2060 2637 Parin.
2090 2613 2274 2638 neurus:
2322 2609 2421 2639 bene.
2443 2609 2607 2641 Horatius

1523 2653 1632 2692 Epist.
1660 2654 1716 2693 u,
1744 2653 1775 2681 2.
1798 2652 1841 2682 atl
1868 2652 1986 2683 finem:

1613 2700 1789 2729 DEFERAR
1819 2696 1853 2727 in
1880 2697 1990 2727 vicum
2018 2698 2215 2728 vendentem
2239 2703 2295 2729 tus
2322 2703 2355 2729 et
2379 2699 2514 2733 odores.

1567 2753 1599 2774 v.
1615 2747 1691 2776 181.
1720 2744 1779 2774 Sic
1797 2748 1832 2774 et
1847 2745 1883 2773 in
1903 2743 2097 2783 anguiferae
2116 2744 2285 2774 ludentem
2302 2747 2464 2784 gramine
2474 2747 2608 2780 Lerna·

1713 2790 1921 2820 Praei-isam
1970 2792 2156 2830 squammis
2204 2790 2322 2821 avidus
2363 2791 2445 2824 bibit
2486 2793 2609 2833 augui-

1523 2832 1720 2875 Ophelten]
1759 2835 1845 2871 Quid
1886 2845 2024 2875 narras,
2076 2835 2219 2874 Papini²
2259 2836 2424 2875 Ophelten
2457 2839 2606 2870 oeci-um

1522 2889 1597 2911 esse
1630 2881 1664 2911 in
1695 2881 1846 2921 gramine
1880 2882 2050 2912 LERNAE²
2108 2883 2237 2913 adeone
2274 2883 2399 2915 oblitus
2430 2884 2606 2917 Historiae

1520 2927 1660 2967 veteris,
1686 2932 1721 2960 et
1744 2927 1820 2958 libri
1843 2927 1950 2966 quinti
1976 2932 2056 2959 tuae
2084 2928 2283 2969 Thebaidos,
2309 2932 2343 2960 et
2366 2930 2477 2968 quarn
2499 2929 2603 2963 etiam

1521 2977 1557 3004 et
1590 2973 1699 3014 sexti,
1740 2976 1778 3004 ut
1809 2975 2031 3005 confunderes
2062 2975 2222 3006 Nemeam
2247 2977 2280 3006 et
2303 2974 2483 3006 Lernam?
2524 2985 2602 3008 eum

1521 3018 1623 3050 etiam
1648 3020 1761 3059 pueris
1785 3023 1902 3051 notum
1927 3021 1971 3051 sit
1993 3021 2158 3058 Ophelten
2185 3021 2324 3060 periisse
2346 3020 2386 3050 in
2411 3021 2507 3052 silva
2527 3021 2599 3053 Ne-

1523 3075 1600 3096 mea
1628 3068 1678 3110 (et
1700 3066 1779 3097 inde
1802 3065 1918 3098 Ludos
1943 3067 2130 3098 Nemeaeos
2164 3066 2198 3096 in
2225 3066 2296 3105 ejus
2312 3066 2475 3097 honorem
2501 3065 2601 3100 insti-

1523 3114 1615 3142 tutos
1649 3111 1765 3152 fuisse)
1801 3122 1868 3143 non
1907 3112 1941 3142 in
1971 3113 2102 3151 palude
2129 3111 2257 3143 Lerna.
2303 3110 2392 3147 quid
2424 3112 2599 3146 dicemus!

1521 3157 1723 3191 festinanter
1766 3161 1800 3189 et
1832 3158 2008 3190 celeritate
2039 3167 2110 3190 non
2143 3157 2336 3188 excusanda
2369 3156 2451 3189 haee
2488 3160 2597 3199 scrip..

1523 3203 1614 3235 sisti:
1656 3208 1691 3236 et
1721 3205 1792 3243 jam
1829 3213 1943 3235 verum
1972 3212 2046 3234 esse
2070 3203 2170 3234 video
2194 3202 2282 3240 quod
2306 3201 2388 3232 dicis
2420 3204 2527 3243 Epist.
2555 3207 2599 3237 ad

1521 3250 1723 3292 Meliorem,
1758 3249 1844 3281 hanc
1879 3250 2150 3281 consolationem
2182 3258 2207 3279 a
2232 3254 2389 3280 coxi-'uso
2416 3253 2598 3291 scriptam.
