2892 3840
455 393 522 443 46
1169 402 1214 438 1³.
1284 400 1316 436 ι»
1347 397 1492 450 Αᾼινι
1519 396 1607 453 153¹
1643 398 1706 450 15:
1733 399 1761 437 s
1789 400 1830 452 13-
1852 401 1956 443 Awg-
1986 404 2017 457 ὲ.
2041 405 2061 441 1

456 517 594 578 Quos
628 517 721 567 tibi
751 530 869 566 cura
897 516 1063 580 sequi,
1099 526 1224 577 quos
1258 517 1602 578 totodpectore
1631 511 1795 561 sentis
1924 529 1934 537 ·
1970 548 1973 550 -
2018 574 2020 578 .
2143 548 2146 550 .
2640 528 2713 575 70

454 610 657 675 Expers
694 610 979 665 turbarum,
1017 612 1166 668 atque
1202 584 1428 652 animum
1457 603 1648 653 virtute
1675 605 1848 668 quieta

457 699 802 765 compositus,
840 709 1134 760 semperque
1169 701 1299 742 tuus.
1329 680 1343 687 ’
1371 691 1505 753 Quid
1537 692 1676 741 mille
1706 693 1971 744 revolvam

456 791 714 848 culmina,
745 787 1043 851 visendique
1079 786 1250 835 vices'.l
1286 800 1378 834 sua
1407 786 1584 849 cuique
1614 784 1869 850 voluptaS,

453 882 619 945 Atque
648 881 784 926 omni
809 878 1070 942 proprium
1099 876 1320 924 thalamo
1352 890 1518 924 mare:
1558 882 1796 940 transque
1820 876 2075 938 jacentem
2583 936 2595 946 .,

454 971 618 1021 Nerea
654 970 868 1018 diversis
902 968 1060 1016 servit
1091 982 1182 1015 sua
1213 973 1348 1015 terra
1377 966 1628 1014 fenestris.
2644 981 2709 1033 75
2776 997 2786 1004 .

451 1060 589 1108 Haec
621 1057 766 1108 videt
797 1058 1073 1115 Inarimen,
1107 1057 1180 1104 illi
1211 1057 1462 1118 Prochyta
1496 1070 1676 1120 aspera
1705 1063 1872 1120 paret:

453 1150 684 1211 Armiger
716 1148 833 1195 hinc
873 1149 1044 1209 magni
1073 1155 1214 1211 patet
1247 1145 1503 1195 Hectoris:
1535 1146 1655 1195 inde
1686 1147 1962 1209 malignum

450 1239 586 1287 Aera
619 1239 836 1301 respirat
870 1237 1047 1300 pelago
1078 1238 1364 1285 circumflua
1391 1236 1567 1285 Nesis:

450 1332 571 1380 Inde
607 1331 751 1392 vagis
785 1344 935 1376 omen
966 1329 1092 1377 felix
1125 1330 1353 1394 Euploea
1384 1330 1584 1386 carinis,

453 1420 689 1485 Quaeque
724 1421 843 1468 ferit
873 1434 1054 1469 curvos
1088 1427 1267 1467 exerta
1295 1419 1513 1481 Megalia
1546 1420 1738 1468 fluctus.
2645 1433 2714 1478 80

451 1514 667 1575 Angitur
696 1519 747 1558 et
782 1511 988 1558 domino
1026 1519 1199 1559 contra
1224 1512 1494 1559 recubante
1529 1512 1703 1575 procul
1733 1514 1817 1576 qui
2762 1519 2785 1545 ε’
2861 1490 2882 1552 ,³

454 1603 749 1662 Surrentina
779 1609 894 1648 tuus
927 1608 1121 1665 spectat
1147 1603 1401 1665 praetoria
1433 1601 1630 1648 Limon.

451 1693 586 1741 Ante
622 1700 794 1739 tamen
826 1699 1026 1738 cunctas
1060 1692 1232 1755 procul
1267 1692 1457 1738 eminet
1487 1705 1589 1738 una
1621 1691 1815 1739 diaetas

454 1782 592 1840 Quae
630 1782 721 1829 tibi
753 1781 1105 1843 Parthenopen
1142 1780 1331 1829 directo
1362 1781 1522 1827 limite
1554 1783 1699 1845 ponti

451 1873 648 1934 Ingerit.
717 1872 797 1918 hic
832 1870 996 1917 Graiis
1026 1872 1226 1933 penitus
1259 1871 1462 1918 desecta
1492 1871 1710 1917 metallis
2539 1919 2543 1932 ζ
2639 1880 2709 1926 85

451 1962 613 2010 Saxa:
653 1961 788 2025 quod
815 1961 952 2008 ane
987 1962 1235 2024 respergit
1263 1971 1401 2010 vena‘
1427 1960 1646 2021 Syenes3
2386 1940 2394 1945 l

453 2051 691 2114 Synnade
722 2051 856 2115 quod
888 2058 1085 2098 moesta
1116 2051 1364 2113 Phrygiae
1397 2050 1570 2098 fodere
1607 2066 1806 2100 secures

451 2143 545 2190 Per
581 2141 795 2202 Cybeles
829 2141 1045 2201 lugentis
1074 2156 1243 2201 agros,
1275 2141 1363 2188 ubi
1397 2156 1648 2206 marmore
1678 2143 1812 2207 picto

453 2232 682 2282 Candida
711 2245 963 2295 purpureo
999 2229 1322 2293 distinguitur
1350 2247 1469 2280 area
1504 2248 1642 2294 gyro.
2637 2288 2671 2297 ,Α
2703 2286 2705 2290 ,

383 2344 393 2351 ·
450 2316 546 2371 Hic
574 2329 626 2369 et
654 2321 917 2382 Amyclaei
948 2335 1149 2368 caesum
1182 2322 1244 2369 de
1275 2330 1447 2370 monte
1483 2323 1700 2386 Lycurgi
2642 2331 2709 2376 90

453 2413 599 2472 Quod
628 2414 786 2469 viret,
819 2419 870 2458 et
904 2411 1080 2458 molles
1108 2413 1336 2462 imitatur
1364 2414 1572 2478 rupibus
1603 2415 1798 2463 herbas.

450 2502 546 2550 Hic
573 2501 859 2550 Nomadum
884 2502 1052 2548 lucent
1079 2502 1319 2551 flaventia
1347 2519 1476 2563 saxa
1494 2539 1508 2563 ,
1543 2505 1850 2570 Thasosque,

450 2595 520 2641 Et
553 2591 731 2650 Chios,
767 2600 819 2638 et
853 2592 1074 2653 gaudens
1104 2593 1256 2640 fluctu
1284 2603 1473 2643 certare
1506 2594 1761 2656 Carystos.

455 2683 638 2731 Omnia
672 2679 980 2729 Chalcidicas
1010 2689 1171 2729 turres
1201 2683 1416 2732 obversa
1450 2686 1684 2733 salutant.

452 2773 615 2822 Macte
653 2773 820 2820 animo
855 2771 989 2836 quod
1022 2772 1173 2820 Graia
1205 2774 1414 2838 probas,
1451 2777 1585 2840 quod
1615 2776 1767 2825 Graia
1797 2777 2082 2841 frequentas
2442 2751 2453 2756 -
2638 2762 2703 2808 95

453 2863 616 2913 Arva:
646 2877 739 2909 nec
770 2862 1035 2910 invideant
1068 2878 1194 2927 quae
1231 2871 1280 2910 te
1317 2880 1532 2927 genuere
1566 2867 1799 2916 Dicarchi

452 2955 675 3002 Moenia:
706 2967 799 3000 nos
835 2952 980 3001 docto
1015 2955 1194 3004 melius
1229 2959 1482 3021 potiemur
1515 2959 1729 3019 alumno.

543 3183 583 3212 V.
608 3183 663 3212 71.
684 3182 782 3221 Vulg.
803 3189 985 3214 emulum.
1011 3186 1064 3215 77.
1092 3185 1181 3215 HAG.
1229 3189 1283 3218 81.
1308 3192 1527 3223 PROCULQUE.
1576 3191 1630 3222 83.
1649 3195 1721 3221 UNA
1745 3189 1859 3220 tamen
1882 3194 2029 3220 cuncus
2045 3169 2253 3219 -υῐᾸΕΤιε,
2279 3188 2333 3218 86.
2360 3193 2462 3223 Quor.
2513 3189 2566 3219 87.
2594 3194 2698 3225 quor.
2734 3176 2739 3184 ²

456 3240 510 3271 93.
534 3245 690 3270 rmcrus
714 3245 908 3270 SPEcTARE.
957 3242 1011 3271 95.
1036 3249 1158 3273 erum
1179 3245 1302 3282 probas
1330 3245 1418 3284 quod
1442 3252 1575 3277 enm-A.
