2892 3840
384 396 484 446 380
1237 397 1423 447 NOTAE
1457 412 1527 448 An
1552 398 1667 448 Lm.
1696 399 1752 447 V.
1793 401 1837 447 3.

692 536 869 566 moresque
896 526 1092 564 habitusque
1117 524 1256 556 decoros

478 567 689 604 Monstrabo?
709 576 876 615 gaudens.

384 612 548 647 Similiter
579 618 749 650 Ausonius
785 622 817 649 et
852 619 885 648 in
918 625 956 646 re
995 613 1108 652 simili,
1140 614 1305 654 Epicedio
1330 623 1468 656 vnempe

385 659 419 691 in
444 662 599 703 Patrem,
627 673 659 695 v.
688 669 719 696 8.
748 665 801 695 ubi
825 664 925 694 Pater
950 660 1112 701 loquitur,

377 744 379 747 ¹
453 720 460 728 ·
479 708 640 750 Victum,
664 710 828 749 habitum,
858 716 992 748 mores,
1017 715 1152 747 semper
1175 707 1294 738 eddem
1315 706 1433 738 habui.

377 752 490 784 'Silius
514 756 649 786 Italicus
675 756 749 795 XV,
774 757 849 786 171.

475 800 651 841 Antiquae
674 810 798 832 morem
818 800 968 839 patriae
994 798 1190 839 cultumque
1209 797 1426 838 habitumque

476 846 629 877 Phocais
654 849 851 878 armisonas
880 847 972 876 inter
996 850 1091 876 tenet
1111 844 1253 884 hospita
1273 851 1403 886 gentes.

379 891 516 931 ‘[Pomp.
542 892 631 922 Mela
658 894 718 932 111,
753 895 784 924 7.
810 892 852 922 de
883 891 980 922 India
1004 892 1166 929 loquens:
1204 891 1378 922 Cultor-um
1404 897 1474 921 HA·

388 945 494 968 ursus
519 944 709 973 monesque
741 939 951 970 dissimiles.-
979 937 1049 969 Iino
1074 938 1140 968 alti
1167 939 1384 978 vestiuntur,
1409 938 1473 968 etc.

386 983 440 1012 lot
477 985 586 1022 Anu]
643 984 719 1015 vide
749 994 833 1024 quae
867 982 983 1015 notavi
1016 984 1058 1014 ad
1082 979 1242 1022 Silv.‘lI‚
1274 986 1310 1015 6.
1336 993 1367 1015 v.
1398 984 1473 1014 104.

387 1029 542 1059 tenderet
569 1039 724 1070 aequare
762 1031 907 1062 Maroni
927 1031 978 1061 est
1002 1034 1173 1071 aequaret
1197 1029 1362 1061 Maroni.-
1397 1030 1473 1061 vide

386 1074 471 1105 satis
501 1076 733 1114 exemplorum
760 1077 803 1108 ad
826 1079 871 1118 11,
904 1079 936 1108 6.
964 1085 997 1107 v.
1025 1079 1081 1108 71.
1131 1076 1244 1111 Quare
1270 1079 1383 1107 autem
1416 1086 1475 1116 ap-

385 1120 530 1158 pelletur
553 1129 700 1155 ·ronvus
727 1124 847 1164 Maro,
872 1122 925 1154 cui
949 1129 1068 1153 moue
1094 1126 1198 1162 atque
1222 1129 1390 1154 nce-rum
1410 1133 1476 1153 an-

386 1173 540 1198 nuerunt
574 1170 713 1211 Musae,
764 1179 831 1201 non
864 1169 1031 1208 intelligo.
1087 1168 1160 1208 Ego
1187 1168 1300 1207 potius
1321 1172 1474 1208 putarem

387 1219 509 1244 nocro
549 1214 704 1249 Maroni.
752 1219 878 1248 Versus
903 1217 965 1247 sub
988 1213 1126 1246 nomine
1147 1215 1292 1255 Augusti
1318 1218 1414 1247 Caes.
1441 1215 1478 1247 in

390 1258 461 1290 vita
487 1259 640 1300 Virgilii:

479 1305 676 1349 Magnaque
702 1315 924 1343 DochLOQUI
957 1309 1123 1338 morietur
1148 1306 1254 1339 Musa
1273 1306 1452 1339 Maronis?

388 1351 543 1383 Incertus
567 1355 675 1385 Autor
699 1354 733 1384 in
757 1355 919 1386 catalect.
954 1353 1076 1393 Scalig.
1103 1363 1136 1392 p.
1166 1356 1243 1384 181.

482 1399 619 1431 Tristia
633 1402 726 1444 fata
754 1403 810 1432 tm·
831 1402 910 1431 dum
927 1398 1000 1440 fles
1031 1402 1069 1431 in
1094 1400 1279 1439 Daphnide
1307 1398 1435 1430 Flacca·

479 1445 605 1477 DOCTE
633 1450 752 1485 Maro,
779 1449 937 1489 fratrem
963 1447 1031 1476 Dis
1055 1447 1305 1477 immortalibus
1332 1454 1477 1486 aequas.

391 1498 453 1528 pro
473 1493 584 1534 facta
608 1499 791 1525 canentem
816 1495 925 1524 Parni.
943 1494 1059 1535 fata:
1085 1492 1182 1523 male.

438 1544 469 1567 V.
497 1540 553 1569 68.
737 1541 772 1570 t'n
799 1541 999 1574 ardentem,
1031 1538 1157 1577 liceat,
1183 1543 1379 1568 MORITURA
1403 1545 1479 1566 ma-

391 1582 524 1624 ritum]
580 1585 632 1615 Ita
666 1585 862 1616 Editiones:
906 1587 1010 1615 recte.
1043 1593 1108 1614 nec
1133 1591 1217 1621 opus
1243 1584 1294 1613 est
1316 1581 1480 1614 Scriverii

394 1629 429 1657 et
454 1628 575 1660 Crucei
613 1631 722 1662 liceat
754 1638 877 1670 nono,
919 1636 1033 1662 ιτυηΑ
1060 1631 1247 1659 maritum:
1289 1637 1478 1666 quanquam

395 1673 425 1703 si
462 1684 506 1705 ex
530 1675 613 1706 MSo
638 1676 724 1707 hanc
748 1677 929 1708 lectionem
951 1674 1162 1712 hausissent,
1198 1674 1379 1705 defendere
1403 1675 1480 1714 pot·

397 1720 528 1751 uissent
553 1721 628 1752 loco
653 1722 764 1754 ovidii
789 1722 890 1754 Trist.
919 1725 959 1763 V,
991 1722 1043 1752 14.

489 1769 610 1799 Cernis
637 1774 679 1800 ut
699 1769 837 1799 Admeti
860 1772 1042 1806 cantetur,
1070 1771 1109 1796 nt
1136 1765 1303 1796 Hectoris
1328 1772 1432 1805 uxor,

531 1812 699 1854 Ansaque
721 1823 759 1846 m
783 1823 950 1845 accensos
979 1812 1102 1852 Iphias
1125 1819 1188 1842 mr.
1216 1811 1342 1850 rogos?

393 1855 438 1888 Et
461 1857 571 1890 liceat
594 1861 712 1900 modo,
741 1862 778 1890 ut
802 1863 884 1891 Met.
910 1861 999 1900 VIII,
1027 1858 1082 1888 38.

484 1903 639 1943 Impetus
672 1911 727 1937 est
753 1907 808 1937 illi
829 1907 976 1946 (mcm'r
997 1902 1117 1946 mono)
1138 1904 1244 1946 ferre
1265 1909 1333 1942 per
1357 1909 1479 1941 agmen

489 1949 669 1991 Virginem
695 1951 822 1984 hostile
846 1954 992 1993 gradus.

397 1994 430 2024 et
456 1995 608 2034 Propert.
635 1999 680 2039 11,
707 1998 763 2030 23.
788 2007 820 2029 v.
843 2000 901 2030 27.

487 2042 542 2074 Ma·
563 2054 659 2075 nemo
685 2044 847 2083 objiciat,
871 2052 1001 2076 mcum·
1022 2051 1145 2085 mone,
1176 2042 1339 2085 Cynthia,
1368 2048 1480 2075 tecum

400 2130 408 2137 .
530 2087 686 2122 Roscida
710 2093 881 2122 neusa-oste
903 2097 1012 2123 antra
1038 2097 1156 2122 tenere
1175 2090 1298 2132 jugis.-

396 2132 444 2163 sta
471 2133 649 2175 legendum
683 2146 745 2176 pro
779 2139 887 2169 libeat
918 2139 985 2169 tibi
1015 2138 1164 2177 Cynthia
1185 2146 1334 2177 mecum,
1378 2139 1481 2175 prout

397 2178 503 2211 edidit
538 2182 778 2214 Brouklmsius.
831 2183 898 2215 Sed
921 2194 990 2215 non
1015 2193 1098 2222 opus
1124 2185 1181 2214 est
1202 2183 1272 2214 ulla
1293 2182 1479 2213 mutatione

398 2224 434 2255 s'n
466 2227 529 2257 hoc
562 2229 665 2261 Statii
694 2230 783 2260 loco.
839 2229 1016 2261 Moritura
1046 2238 1084 2261 IN
1108 2231 1285 2261 ardentem
1315 2231 1479 2260 maritum

398 2275 450 2303 est
491 2280 608 2306 SUPER
646 2274 855 2318 §maritunb
910 2279 947 2307 ut
981 2278 1067 2307 bene
1106 2276 1255 2315 explicat
1287 2275 1479 2306 Gronovius

396 2317 507 2349 Diatr.
547 2331 575 2352 c.
609 2322 665 2352 m.
691 2323 725 2352 et
767 2322 916 2353 defendit
939 2322 1026 2353 hanc
1050 2322 1312 2361 explicationem
1338 2321 1478 2353 Elench.

395 2364 578 2398 Antidiatr.
626 2378 655 2398 c.
698 2370 769 2399 vu.
806 2367 886 2398 licet
919 2370 1075 2407 exempla
1107 2378 1192 2407 quae
1226 2371 1371 2407 utroque
1402 2369 1478 2399 loco

398 2411 508 2443 adfert
540 2412 622 2444 mihi
643 2423 712 2444 non
734 2414 913 2446 videantur
937 2425 1007 2446 rem
1034 2420 1188 2455 tangere.
1231 2415 1399 2454 Optimum
1421 2415 1480 2446 ad-

399 2457 523 2490 ducere
551 2460 718 2500 potuisset
742 2470 785 2491 ex
809 2462 945 2507 Lucano
971 2462 1029 2502 IX,
1057 2464 1133 2495 160.

490 2505 543 2537 Et
564 2516 668 2538 sacer
691 2516 728 2540 IN
758 2507 821 2539 Ma
844 2509 884 2538 ni
902 2510 1047 2539 tumulos
1075 2506 1277 2539 mactabitur
1300 2505 1411 2545 Apis:

400 2549 458 2581 ubi
491 2553 527 2582 in
565 2553 664 2592 plane
695 2555 747 2584 est
777 2518 891 2596 sager.
947 2554 983 2587 si
1007 2554 1185 2595 quicquam
1212 2553 1405 2596 novandum
1429 2560 1483 2583 es-

402 2598 464 2639 set,
488 2598 568 2630 mihi
594 2600 745 2639 placeret
754 2605 774 2637 t

692 2648 729 2677 tn
753 2647 942 2687 ardentem,
966 2647 1085 2685 liceat,
1105 2652 1270 2676 nm'runs
1292 2644 1483 2675 maritum.-

403 2691 440 2720 ut
463 2690 554 2729 apud
577 2690 733 2723 Ovidium
757 2694 830 2723 Art.
855 2694 964 2723 Amat.
987 2694 1048 2731 III,
1072 2693 1128 2723 21.

490 2735 622 2776 Accipe
646 2749 710 2780 me,
741 2740 907 2777 Capaneu
920 2748 935 2777 ,·
962 2741 1099 2769 cineres
1123 2735 1351 2776 miscebimus,
1374 2735 1486 2776 inquit

538 2783 686 2824 Iphias3
709 2783 745 2814 in
771 2786 897 2816 medios
922 2784 1127 2824 desiluitque
1151 2791 1266 2823 rogos.

403 2830 438 2859 et
457 2828 677 2862 Claudianum
699 2831 807 2862 Laud.
829 2833 999 2871 Serenae,
1022 2839 1053 2860 v.
1081 2831 1156 2860 151.

717 2886 836 2917 prona
858 2885 979 2908 nunus
1003 2875 1187 2915 Capaneia
1211 2872 1366 2912 conjunx

496 2921 693 2953 Communes
717 2924 858 2955 ardente
881 2924 956 2955 viro
980 2925 1131 2953 mistura
1146 2921 1313 2962 favillas.

405 2966 492 3003 Sed,
515 2969 553 2998 ut
578 2971 656 2999 ante
682 2969 781 3008 dixi,
811 2980 879 3001 non
907 2978 991 3008 opus
1019 2971 1079 2999 est.
1127 2967 1272 3007 Liceat,
1314 2966 1481 3006 absolute,

407 3010 441 3041 id
475 3015 544 3053 est,
589 3017 625 3046 si
661 3016 783 3056 liceat,
831 3020 867 3047 ut
895 3017 1003 3048 libeat
1034 3013 1123 3054 apud
1156 3015 1320 3044 Senecam
1349 3012 1485 3044 Consol-

409 3057 450 3087 ad
490 3060 649 3091 Marciam
687 3072 716 3094 c.
756 3065 808 3094 16.
868 3063 944 3093 Par
973 3062 1067 3098 illis,
1103 3060 1189 3091 mihi
1217 3062 1333 3100 crede,
1358 3061 1482 3100 vigor:

405 3110 477 3141 ΡΜ·
514 3106 562 3135 ad
587 3107 735 3139 honesta
771 3107 904 3149 (libeat)
935 3108 1099 3151 facultas
1132 3112 1198 3138 est.
1254 3107 1306 3138 De
1337 3105 1480 3136 feminis.

410 3148 518 3184 Supra
552 3159 584 3180 v.
622 3154 678 3184 64.
708 3154 741 3184 in
776 3154 940 3186 Gronovii
974 3154 1123 3185 editione
1149 3152 1276 3193 legitur
1298 3159 1396 3184 AENA
1425 3161 1481 3183 eo-

407 3201 524 3224 roram
561 3194 740 3240 Stamina,
786 3200 821 3230 in
856 3201 1000 3232 caeteris
1036 3207 1174 3231 SAEVA:
1218 3199 1337 3230 melius
1379 3199 1478 3231 istud.

407 3238 610 3272 Claudianus
630 3243 724 3282 Rapt.
749 3246 842 3277 Pros.
874 3248 902 3288 1,
933 3248 988 3279 53.
1015 3247 1055 3277 de
1078 3245 1215 3278 Parcis:

2497 426 2528 474 9
2542 423 2626 476 2⁹⁰

1625 523 1817 566 longaque
1832 525 1982 557 ‘ren-raus
2008 527 2169 559 evolvunt
2193 527 2340 563 saecuta
2361 533 2498 572 pensis:

1535 570 1571 602 id
1593 576 1665 609 est,
1697 573 1795 604 ae'nis
1819 574 2040 604 staminibus.
2087 573 2226 604 ovidius
2248 577 2330 608 Met.
2351 578 2426 619 xv,
2453 583 2532 613 ἵει,
2563 588 2625 612 vo-

1537 618 1592 649 cat
1624 620 1755 660 ferrea
1797 618 1940 650 decreta
1989 628 2159 650 sororum.
2194 621 2326 662 ferrea
2350 623 2440 661 jura
2462 627 2626 668 fatorum

1537 663 1738 700 Quintilian.
1773 663 1869 695 Decl.
1900 664 2013 701 x,-c.
2039 668 2071 696 8.
2098 667 2133 696 et
2156 665 2281 699 similia
2305 669 2442 707 passim.
2475 673 2623 704 laqus,

1538 710 1644 741 Rhod.
1681 709 1873 741 Gronovius
1913 710 2046 742 invenit
2070 719 2281 748 AEqUAEVA:
2310 713 2344 744 iu
2369 716 2488 747 Venet.
2512 724 2626 749 sess:

1541 757 1629 796 quod
1664 757 1783 787 merito
1813 755 1957 788 admisit.
1985 759 2117 801 ferrea
2142 757 2260 790 Cloelio
2291 759 2393 792 Theb.
2415 763 2480 792 111.
2526 764 2627 802 [ven.

1540 812 1707 843 aequaeva.
1754 803 1810 832 Ex
1833 804 1942 842 Ano-J
2513 833 2516 836 .

1587 858 1619 879 v.
1653 850 1711 879 69.
1769 847 1887 887 Major
1924 853 2015 879 certe
2047 856 2141 880 Anus
2177 858 2346 890 superos,
2386 852 2469 891 οἱα]
2526 852 2629 893 Lege,

1542 894 1664 933 Major
1701 899 1796 925 certe
1827 900 1940 936 lum,
1984 894 2019 924 id
2052 898 2106 926 est
2126 898 2304 936 genetrice
2330 897 2364 927 et
2388 897 2544 939 conjuge,
2587 897 2630 928 de

1544 940 1664 980 quibus
1701 940 1803 979 paulo
1841 942 1921 972 ante
1957 940 2100 972 dixerat.
2161 941 2282 980 Major
2313 943 2449 975 invidia
2481 944 2630 984 pulsem,

1540 987 1577 1019 id
1611 989 1681 1023 est,
1717 986 1847 1025 majore·
1879 987 2039 1018 invidia.-
2080 987 2189 1026 major
2222 989 2256 1018 et
2274 987 2400 1026 justior
2423 988 2504 1020 mihi
2530 998 2632 1021 causa

1542 1032 1704 1065 invidiam
1738 1032 1883 1063 faciendi
1916 1032 1977 1063 Dis
2004 1033 2135 1073 superis
2160 1036 2195 1065 et
2217 1033 2346 1065 inferis.
2373 1035 2421 1066 ita
2447 1036 2550 1067 Theb.
2573 1037 2630 1074 vl,

1544 1080 1624 1111 517.
1681 1077 1886 1110 Archemori
1922 1079 2031 1117 major
2065 1081 2217 1111 colerere
2248 1081 2452 1119 sepulchro.-
2510 1082 2545 1113 id
2579 1084 2631 1113 est

1544 1124 1673 1163 majori
1700 1125 1881 1166 sepulcro,
1923 1125 2115 1165 majoribus
2146 1125 2296 1157 funereis
2319 1126 2508 1159 honoribus
2531 1137 2629 1167 quam

1545 1172 1783 1203 Archemorus.
1851 1172 1952 1210 [ven.
1989 1171 2110 1210 Major
2145 1172 2213 1203 atis
2239 1174 2374 1216 forsan
2410 1174 2561 1215 Superos
2595 1179 2631 1205 et

1550 1218 1709 1249 Tartara
1745 1217 1895 1256 pulsem.
1958 1218 2068 1250 Parm.
2106 1217 2226 1257 Major
2261 1224 2355 1251 certe
2389 1221 2472 1252 aliis
2493 1221 2630 1263 forsan

1547 1263 1700 1303 Superos
1737 1268 1769 1294 et
1809 1263 1967 1294 Tartara
1999 1265 2144 1303 pulsem.
2191 1264 2335 1296 Invidia
2361 1275 2450 1308 quae
2471 1268 2630 1299 externis

1546 1312 1611 1341 etc.
1638 1311 1672 1340 et
1699 1312 1783 1341 ven.
1811 1308 1934 1340 inserit
1961 1318 2078 1341 vocem
2100 1319 2191 1351 quae
2213 1310 2332 1343 eodem
2354 1311 2432 1348 loco
2459 1322 2526 1352 quo
2548 1313 2632 1344 Par-

1546 1355 1684 1387 mensis.
1741 1354 1831 1392 Quid
1867 1355 1933 1386 hoc
1971 1357 2049 1387 est}
2092 1356 2148 1387 Ex
2171 1357 2279 1396 Anu-J
2325 1357 2458 1398 Pergit:
2483 1358 2552 1392 Sed
2572 1359 2633 1389 ob-

1542 1402 1639 1441 jiciat
1664 1401 1804 1442 aliquis,
1844 1401 1958 1438 Quare
1980 1403 2029 1432 Tu
2056 1403 2123 1433 tam
2149 1400 2339 1434 immaniter
2360 1403 2480 1445 doles,
2522 1413 2630 1444 quan-

1546 1448 1724 1488 doquidem
1758 1456 1866 1486 neque
1905 1447 2049 1479 Natura
2085 1457 2194 1486 neque
2218 1448 2341 1480 Pietas
2364 1449 2491 1490 injuste
2512 1450 2547 1483 in
2569 1450 2632 1481 hac

1545 1504 1583 1527 re
1607 1495 1709 1527 fecit?
1740 1495 1884 1525 Natura
1908 1503 1976 1524 nou
2002 1492 2083 1525 fecit
2109 1492 2255 1535 injuste,
2289 1502 2359 1526 non
2390 1496 2562 1536 injustam
2594 1505 2632 1527 ss

1546 1542 1658 1582 dedit,
1698 1540 1776 1579 quia
1820 1539 1987 1571 naturalis
2022 1539 2108 1571 ordo
2145 1542 2197 1571 est
2233 1541 2270 1577 ut
2303 1541 2414 1575 Pater
2447 1542 2631 1583 praecedat

1546 1587 1685 1618 Filium.
1732 1587 1853 1617 Pietas
1888 1582 1993 1626 (quae
2019 1587 2071 1616 est
2091 1585 2233 1617 officium
2255 1586 2440 1619 liberorum
2467 1598 2549 1629 erga
2571 1597 2632 1627 pa—

1546 1635 1663 1664 rentes
1694 1633 1729 1662 et
1754 1632 1931 1671 parentum
1955 1640 2038 1670 erga
2060 1629 2206 1673 liberos)
2227 1641 2295 1663 non
2320 1633 2479 1672 injustam
2507 1644 2543 1666 se
2569 1634 2631 1665 de-

1547 1678 1616 1720 dit,
1643 1677 1722 1717 quia
1747 1681 1782 1709 tu
1805 1679 1864 1716 pte
1886 1676 1984 1716 luges
2006 1677 2159 1716 parentis
2186 1677 2333 1710 obitum:
2374 1681 2464 1718 quod
2488 1681 2516 1712 si
2541 1680 2631 1719 inju-

1546 1727 1633 1756 stam
1657 1733 1693 1755 se
1726 1723 1895 1762 dedisset,
1939 1723 2001 1753 Ille
2027 1726 2147 1755 contra
2174 1725 2267 1755 tuum
2295 1724 2423 1757 obitum
2443 1728 2503 1767 pie
2525 1726 2632 1758 luxis-

1548 1774 1620 1802 set:
1657 1772 1692 1800 et
1725 1769 1807 1800 haec
1835 1768 1970 1807 quidem
2002 1768 2122 1799 ruisset
2146 1769 2266 1800 Pietas
2288 1769 2436 1809 injusta.
2483 1773 2634 1812 Respon-

1549 1817 1606 1847 det
1634 1814 1782 1848 Statius:
1823 1816 1913 1845 Vera
1942 1813 2076 1852 quidem
2103 1814 2208 1852 dicis3
2240 1816 2300 1846 sed
2327 1826 2391 1856 ego
2417 1820 2547 1856 patrem
2571 1827 2633 1859 op-

1547 1863 1665 1894 timum
1696 1861 1745 1893 ita
1779 1861 1910 1901 ama-vi,
1955 1861 1994 1891 ut
2027 1859 2108 1892 mihi
2141 1864 2356 1900 praematuro
2390 1863 2631 1904 obitus-aptus

1549 1909 1719 1940 videatur.
1750 1916 1814 1938 neo
1848 1906 1991 1937 absurde
2026 1906 2090 1937 hoc
2122 1906 2229 1947 facio,
2272 1910 2332 1940 aut
2355 1907 2428 1939 sine
2452 1911 2630 1950 exemplo;

1549 1955 1672 1995 quippe
1707 1956 1742 1985 et
1773 1952 1921 1992 Erigone
1951 1961 2020 1982 non
2055 1952 2169 1983 minus
2192 1954 2291 1985 nebat
2317 1963 2431 1986 senem
2443 1962 2632 1996 ¹parentem

1550 2002 1758 2040 extinctum,
1806 2008 1906 2039 quam
1938 1999 2171 2030 Andromache
2190 2010 2338 2040 puerum
2358 2000 2490 2038 lilium:
2528 2003 2630 2035 inimo

1549 2050 1586 2079 et
1620 2046 1786 2086 Erigones
1822 2045 1931 2085 pietas
1952 2045 1988 2076 in
2010 2044 2076 2076 hoc
2099 2045 2276 2089 laudatur,
2318 2048 2408 2087 quod
2430 2057 2512 2088 prae
2538 2049 2632 2082 dolo·

1550 2095 1598 2126 ris
1623 2091 1835 2132 impatientia
1857 2093 1978 2130 laqueo
2003 2100 2040 2122 se
2061 2091 2255 2131 interfecit3
2290 2102 2365 2125 cum
2390 2097 2532 2136 eontra,
2563 2098 2633 2127 An-

1550 2140 1729 2172 dromache
1761 2139 1849 2169 male
1880 2138 1996 2169 audiat
2030 2139 2118 2176 quod
2153 2148 2221 2170 non
2243 2139 2331 2171 idem
2354 2140 2495 2183 lecerit,
2542 2143 2631 2181 quod

1549 2190 1624 2227 post
1649 2188 1798 2217 Hectora
1821 2183 1923 2215 alium
1948 2184 2103 2215 maritum
2129 2185 2218 2216 ferre
2241 2186 2408 2225 potuerit3
2438 2196 2503 2219 nee
2523 2189 2631 2220 solum

1548 2234 1658 2274 ferre,
1696 2232 1754 2263 sed
1782 2233 1816 2261 et
1842 2230 2022 2262 inservire.
2066 2233 2141 2262 Jam
2169 2235 2278 2263 totum
2302 2233 2391 2264 hune
2409 2234 2524 2266 locum
2543 2236 2634 2267 rele-

1548 2289 1611 2321 ge,
1651 2282 1684 2309 et
1717 2276 1899 2317 intelliges.
1960 2277 2006 2308 Se
2036 2278 2130 2308 dedit
2154 2277 2314 2320 injusta,
2359 2289 2423 2319 pro
2449 2280 2632 2320 injustam,

1547 2329 1587 2358 ut
1609 2324 1750 2358 ovidius
1776 2326 1859 2355 Met.
1879 2323 1974 2364 XIII,
2004 2324 2080 2354 141.

1852 2370 1914 2400 sed
1935 2372 2028 2402 enim
2053 2371 2139 2410 quia
2160 2370 2299 2401 rettulit
2320 2367 2419 2408 Ajaa·

1638 2416 1731 2448 Esse
1775 2415 1874 2447 Jocis
1908 2425 2098 2455 pronepos,
2140 2417 2259 2447 nostri
2285 2425 2417 2456 qaoque
2442 2419 2630 2457 sanguinis

1769 2468 1873 2493 autor

1643 2507 1810 2548 Iuppiter
1833 2512 1907 2539 est:

1547 2563 1611 2594 pro
1635 2564 1674 2585 se
1700 2564 1777 2585 esse
1796 2558 2029 2593 pronepotem.
2075 2553 2201 2584 Noster
2228 2550 2331 2582 Theb.
2353 2552 2427 2592 VII,
2452 2554 2533 2586 791.

1640 2601 1719 2631 Non
1743 2601 1848 2631 aliter
1872 2609 1976 2630 caeco
2004 2600 2170 2630 nocturni
2192 2599 2328 2629 turbine
2351 2601 2430 2629 cori

1644 2646 1720 2677 Scit
1745 2645 1896 2685 peritura
1916 2646 2032 2675 ratis.-

1551 2691 1586 2722 id
1610 2695 1662 2722 est
1685 2691 1749 2722 scit
1777 2701 1814 2723 se
1833 2693 2043 2732 perituram.
2087 2688 2251 2729 Apuleius
2275 2688 2386 2720 Miles.
2409 2689 2483 2720 vu.
2508 2699 2630 2723 reeens

1551 2743 1661 2778 nupta
1689 2740 1830 2779 gratias
1865 2746 2018 2768 summas
2047 2737 2145 2774 apud
2165 2745 2247 2767 euos
2266 2739 2437 2775 parentes
2458 2745 2504 2766 ae
2524 2739 2633 2768 maff-

1552 2789 1623 2815 tum
1646 2786 1730 2815 milti
1753 2785 1947 2815 meminisse
1971 2793 2041 2814 non
2061 2782 2214 2821 destitit,
2260 2781 2376 2821 quoad
2403 2791 2550 2814 summos
2580 2783 2637 2814 illi

1546 2834 1793 2871 promitterent
1822 2830 1969 2861 honores
1997 2827 2142 2859 habituri
2163 2828 2271 2858 mihi:
2306 2826 2341 2857 id
2365 2829 2437 2868 est,
2470 2836 2509 2859 se
2531 2828 2635 2860 tuabi-

1551 2882 1650 2908 turos
1673 2886 1748 2907 esse
1772 2876 1865 2908 milti.
1913 2875 2050 2907 Persius
2072 2877 2144 2907 Sat.
2170 2876 2229 2905 vl.
2240 2878 2428 2913 postquam
2449 2874 2635 2906 destertuit

1551 2932 1629 2954 esse
1654 2922 1854 2954 Maeonides
1882 2923 2048 2962 quintus.-
2090 2920 2125 2951 id
2149 2922 2219 2960 est,
2256 2929 2294 2950 se
2317 2928 2392 2951 esse
2418 2919 2632 2952 Maeonidem

1551 2971 1716 3010 quintum.
1753 2969 1841 3008 apud
1877 2967 2062 3000 charisium
2096 2977 2129 3007 p·
2165 2969 2220 2998 75.
2257 2966 2358 3005 vulgo
2390 2966 2477 2997 male
2506 2965 2630 3006 legitur

1546 3025 1665 3054 pavus
1691 3025 1791 3056 quum
1814 3016 1951 3048 destitit
1977 3022 2080 3045 esse:
2127 3011 2199 3044 sive
2223 3011 2327 3051 ipsius
2351 3010 2512 3052 charisii,
2556 3010 2628 3042 sive

1547 3062 1765 3094 librariorum
1792 3070 1922 3093 errore.
1969 3062 2022 3091 Ita
2052 3061 2087 3090 et
2111 3059 2245 3090 Graeci.
2268 3057 2406 3090 Anthol.
2431 3059 2459 3099 1,
2482 3058 2538 3088 22.

1882 3102 2044 3140 θάνατον
2074 3106 2138 3147 μὲν
2157 3101 2295 3138 ἄλυπον

1639 3148 1719 3185 Νῦν
1751 3152 1887 3195 ἴφυγες·
1929 3150 2063 3194 σταυρῷ
2101 3147 2140 3186 ‹l’
2177 3151 2258 3184 ἴσθι
2297 3145 2629 3182 ΦΥΛΑΤΤΟᾹΙΙΣ-

1765 3198 1878 3231 ΝΟΣ.

1544 3242 1579 3274 id
1604 3243 1655 3274 est
1681 3242 1718 3276 σὲ
1744 3238 2019 3288 φυλαττόμενον.
2064 3243 2160 3273 Vers.
2188 3241 2243 3271 71.
2277 3247 2339 3282 pro
2366 3244 2473 3269 nono
2503 3245 2542 3270 sc
2567 3237 2639 3268 Na.
