2892 3840
939 431 964 467 s
1022 402 1424 468 lnv'Anuu
1491 417 1660 465 L113.
1728 417 1784 464 V.

1344 545 1379 591 1.

493 677 1031 735 ABASCANTII
1106 678 1192 735 IN
1266 674 1822 735 PRISCILLAM

246 887 340 974 SI
371 939 549 972 manus
587 932 674 972 aut
701 924 890 972 similes
923 924 1096 973 docilis
1134 924 1259 972 mihi
1284 925 1469 986 fingere
1508 938 1663 982 ceras,

243 1012 348 1061 Aut
383 1014 531 1072 ebur,
561 1015 820 1077 impressis
854 1028 1098 1062 aurumve
1137 1016 1359 1062 animare
1393 1016 1585 1076 figuris3

244 1101 398 1160 Hinc,
434 1103 680 1160 Priscilla,
716 1110 803 1148 tuo
836 1101 1016 1148 solatia
1044 1108 1185 1163 grata
1211 1102 1395 1148 marito

246 1190 584 1255 Conciperem.
656 1204 871 1254 namque
908 1191 1106 1252 egregia
1134 1191 1322 1255 pietate
1357 1196 1579 1237 meretur

243 1278 310 1327 Ut
340 1280 425 1329 vel
458 1277 667 1343 Apelleo
697 1279 866 1329 vultus
902 1280 1098 1341 signata
1131 1279 1310 1336 colore,

242 1368 480 1416 Phidiaca
509 1369 593 1418 vel
624 1374 746 1416 nata
778 1383 931 1416 manu
949 1403 963 1427 ‚
992 1369 1205 1417 reddare
1238 1368 1451 1415 dolenti:

243 1456 326 1505 Sic
353 1457 549 1504 auferre
583 1460 717 1519 rogis
754 1458 984 1505 umbram
1021 1464 1254 1513 conatur,
1290 1464 1341 1503 et
1371 1457 1548 1519 ingens

245 1544 512 1593 Certamen
545 1561 657 1594 cum
686 1546 848 1593 Morte
886 1547 1040 1608 gerit,
1076 1560 1315 1609 curasque
1346 1545 1526 1607 fatigat

242 1633 525 1693 Artificum,
557 1637 707 1700 inque
739 1636 876 1683 omni
906 1642 956 1682 te
989 1635 1185 1698 quaerit
1217 1649 1387 1682 amare
1420 1635 1638 1682 metallo.

245 1723 347 1771 Sed
383 1725 609 1772 mortalis
644 1725 829 1783 honos,
862 1725 1004 1786 agilis
1035 1738 1184 1788 quem
1217 1723 1402 1772 dextra
1436 1724 1643 1772 laborat.

243 1812 348 1862 Nos
379 1814 498 1871 tibi,
529 1814 720 1862 laudati
742 1814 946 1876 juvenis
981 1814 1240 1861 rarissima
1272 1814 1475 1874 conjux,

243 1901 441 1964 Longa,
471 1917 563 1949 nec
598 1903 861 1949 obscurum
892 1903 1042 1949 finem
1077 1902 1263 1959 latura,
1298 1901 1509 1964 perenni

246 1989 519 2039 Tentamus
556 1991 675 2038 dare
702 1992 842 2053 justa
882 1992 1017 2051 lyra:
1054 1990 1204 2037 modo
1242 1990 1425 2037 dexter
1457 1988 1655 2052 Apollo,

248 2078 439 2144 Quique
475 2081 618 2130 venit
641 2081 814 2142 juncto
848 2080 972 2127 mihi
1006 2095 1204 2143 semper
1240 2078 1474 2143 Apolline
1511 2076 1712 2134 Caesar,

246 2167 464 2216 Annuat.
530 2169 666 2216 haud
699 2170 796 2216 alio
830 2169 1009 2216 melius
1045 2168 1258 2215 condere
1295 2167 1570 2231 sepulchro.

245 2258 370 2306 Sera
398 2258 599 2322 quidem
630 2266 770 2305 tanto
807 2259 1015 2305 struitur
1051 2256 1302 2303 medicina
1336 2255 1513 2313 dolori,

244 2345 420 2394 Altera
447 2361 560 2394 cum
593 2347 847 2397 volucrem
880 2345 1068 2393 Phoebi
1101 2353 1212 2392 rota
1244 2352 1474 2408 torqueat
1505 2357 1716 2390 annum:

246 2435 349 2484 Sed
384 2450 495 2483 cum
530 2436 677 2499 plaga
709 2451 908 2493 recens,
954 2443 1004 2481 et
1049 2435 1211 2482 adhuc
1253 2435 1307 2480 in
1336 2433 1543 2482 vulnere
1574 2433 1737 2495 primo

247 2526 414 2588 Aegra
449 2525 627 2573 domus
662 2533 865 2588 questu,
899 2526 1232 2587 miseramque
1262 2537 1487 2570 accessus
1521 2521 1586 2569 ad
1621 2535 1793 2567 aurem

250 2611 484 2675 Conjugis
518 2614 706 2672 orbati,
742 2622 859 2662 tunc
893 2614 1011 2661 flere
1044 2620 1095 2659 et
1128 2611 1353 2659 scindere
1389 2618 1558 2661 vestes

248 2700 316 2748 Et
349 2701 560 2749 famulos
595 2703 782 2750 lassare
814 2718 1014 2765 greges,
1046 2710 1097 2748 et
1126 2703 1329 2750 Vincere
1358 2701 1601 2764 planctus,

248 2789 498 2853 Fataque,
535 2798 586 2836 et
616 2793 826 2852 injustos
861 2792 1049 2840 rabidis
1075 2791 1274 2855 pulsare
1303 2790 1516 2854 querelis

250 2878 548 2936 Caelicolas‚
578 2880 802 2927 solamen
831 2887 950 2926 erat.
1019 2868 1135 2927 licet
1163 2881 1272 2942 ipse
1303 2878 1545 2928 levandos

250 2967 332 3017 Ad
364 2970 576 3030 gemitus
613 2969 752 3017 silvis
788 2969 1052 3017 comitatus
1084 2975 1136 3014 et
1167 2968 1397 3016 amnibus
1430 2968 1655 3031 Orpheus

341 3203 397 3239 [Y.
440 3204 492 3232 17.
519 3208 725 3239 vom-cnm,
760 3200 808 3231 nic
840 3200 1058 3231 Matklandus
1095 3198 1228 3229 restitui
1258 3199 1378 3237 jussit,
1417 3207 1490 3228 cum
1529 3200 1628 3227 aulea
1655 3203 1827 3227 vo¹.¹?cms
1857 3197 2038 3236 legeretur.

249 3259 374 3288 xmus.

1896 671 2241 748 PIETAS.

2394 419 2489 466 125

2461 1278 2487 1320 ΕΠ

2430 1720 2493 1763 10

2429 2164 2488 2207 15

2420 2606 2488 2649 20

2076 3203 2138 3226 ED.
2175 3198 2256 3234 on]
2309 3196 2360 3230 19,
2386 3196 2482 3234 Vulg.
