2892 3840
1107 262 1128 275 Q

354 385 424 439 98
1065 392 1922 430 P.PAP1N118TAT11

1457 504 1514 552 Π.

356 626 1094 738 EUCHARISTICON
1150 666 1269 725 Ao
1321 663 1935 726 IMP.·AUGusT.
1991 639 2603 737 GERMANICUM

1187 769 1793 832 DOMITIANUM.

357 1021 602 1105 REmA
634 1045 871 1096 Sidoniae
909 1043 1143 1094 convivia
1171 1042 1346 1092 laudat
1379 1043 1549 1092 Elisae

356 1143 452 1202 Qui
481 1155 719 1204 magnum
753 1138 981 1187 Aeneam
1013 1128 1348 1185 Laurentibus
1379 1137 1550 1184 intulit
1583 1139 1746 1188 arvis:

355 1230 647 1294 Alcinoique
682 1229 838 1294 dapes
872 1241 1110 1276 mansuro
1147 1226 1366 1273 carmine
1398 1234 1648 1274 monstrat

356 1320 589 1384 Aequore
622 1320 707 1383 qui
739 1318 876 1365 lento
908 1316 1145 1364 reducem
1175 1316 1485 1378 consumpsit
1508 1312 1718 1361 Ulixen:

356 1409 454 1458 Ast
487 1423 605 1470 ego,
642 1409 720 1455 cui
751 1421 918 1455 sacrae
950 1405 1136 1454 Caesar
1169 1417 1306 1453 nova
1340 1403 1523 1465 gaudia
1565 1418 1716 1451 cenae
2576 1410 2604 1453 5

357 1498 501 1548 Nunc
528 1499 774 1561 primum,
808 1495 1108 1558 dominaque
1140 1492 1283 1540 dedit
1313 1507 1610 1554 consurgere
1641 1507 1835 1550 mensa,
1886 1529 1891 1535 ,

361 1585 471 1645 Qua
505 1585 751 1633 celebrem
778 1599 894 1633 mea
925 1591 1048 1634 vota
1078 1583 1216 1644 lyra,
1249 1596 1372 1645 quas
1405 1582 1600 1631 solvere
1635 1588 1799 1644 grates

360 1675 646 1737 Sufficiam}
680 1687 808 1731 non,
841 1674 883 1720 si
912 1673 1100 1737 pariter
1127 1670 1253 1718 mihi
1286 1671 1472 1721 vertice
1501 1671 1634 1718 laeto

359 1763 540 1814 Nectat
569 1763 802 1811 adoratas
838 1769 890 1808 et
923 1760 1141 1822 Smyrna
1171 1767 1223 1807 et
1255 1759 1464 1807 Mantua
1495 1759 1680 1818 lauros,

359 1853 526 1914 Digna
559 1852 745 1915 loquar.
816 1849 998 1897 mediis
1030 1849 1210 1899 videor
1240 1847 1553 1895 discumbere
1586 1850 1642 1895 in
1676 1850 1824 1897 astris
2544 1855 2608 1900 10

362 1939 490 1990 Cum
522 1938 675 1997 Jove,
703 1945 754 1985 et
782 1938 930 1987 Iliaca
961 1945 1247 2003 porrectum
1279 1952 1477 1985 sumere
1510 1937 1696 1987 dextra

358 2029 643 2078 hnmortale
668 2042 876 2075 merum.
946 2028 1140 2076 steriles
1170 2027 1539 2075 transmisimus
1565 2043 1749 2088 annos3

358 2117 497 2166 Haec
529 2117 644 2167 aevi
676 2116 801 2163 mihi
835 2117 1001 2180 prima
1028 2117 1165 2176 dies,
1201 2116 1326 2164 haec
1356 2117 1533 2164 limina
1564 2119 1719 2167 vitae.

362 2206 499 2254 Tene
531 2220 648 2267 ego,
681 2212 915 2267 regnator
942 2211 1189 2253 terrarum
1223 2205 1454 2269 orbisque
1486 2206 1679 2254 subacti

359 2295 541 2357 Magne
574 2309 784 2359 parens,
816 2302 893 2353 te,
926 2309 1039 2359 spes
1069 2294 1355 2354 hominum,
1391 2302 1467 2353 te,
1502 2310 1620 2343 cura
1654 2295 1880 2353 deorum,
2543 2304 2603 2348 15

364 2383 525 2433 Cerno
546 2383 749 2445 jacens'.l
783 2383 931 2431 datur
959 2383 1082 2431 haec
1108 2385 1288 2446 Juxta,
1315 2383 1463 2431 datur
1494 2399 1581 2432 ora
1613 2386 1744 2433 tueri

360 2472 491 2520 Vina
524 2474 681 2529 inter,
716 2487 1044 2538 mensasque,
1081 2481 1133 2521 et
1166 2488 1267 2521 non
1295 2488 1553 2536 assurgere
1590 2474 1667 2522 fas
1701 2475 1807 2522 est'.l

363 2561 572 2610 Tectum
604 2569 894 2622 augustum,
928 2563 1105 2624 ingens
1126 2596 1140 2621 ‚
1167 2577 1271 2611 non
1306 2571 1506 2612 centum
1536 2563 1732 2624 insigne
1768 2561 2026 2619 columniS,

364 2650 466 2698 Sed
496 2632 711 2713 quantae
739 2649 956 2714 Superos
991 2652 1307 2715 caelumque,
1332 2651 1536 2699 Atlante
1566 2651 1795 2709 remiSSO,

365 2739 658 2788 Sustentare
688 2746 886 2801 queant.
956 2745 1125 2803 stupet
1150 2739 1245 2787 hoc
1273 2741 1441 2790 vicina
1467 2738 1709 2788 Tonantis
2537 2746 2607 2794 20

365 2827 545 2889 Regia,
571 2834 718 2891 teque
751 2827 862 2892 pari
890 2826 1140 2874 laetantur
1169 2826 1289 2875 sede
1319 2827 1536 2876 locatum

366 2915 610 2974 Numina,
644 2930 708 2963 ne
740 2929 977 2977 magnum
1003 2931 1241 2981 properes
1271 2916 1536 2964 escendere
1571 2918 1786 2966 caelum:

371 3005 533 3053 Tanta
564 3012 706 3069 patet
733 3005 918 3065 moles,
950 3006 1231 3072 effusaeque
1261 3007 1480 3072 impetus
1515 3006 1658 3055 aulae

466 3212 519 3249 [V.
542 3213 575 3243 4.
598 3220 734 3256 Lex'ro,
758 3218 861 3250 antea
887 3223 1017 3251 murro,
1044 3226 1111 3252 ΕΒ.
1146 3221 1230 3261 mm]
1278 3221 1309 3252 6.
1333 3219 1457 3263 Forte,
1485 3224 1692 3254 coxsmnnz.
1741 3220 1796 3252 22.
1825 3219 1921 3260 Vulg.
1944 3224 2162 3250 Ascexnnns.
