<?xml version="1.0" encoding="UTF-8"?>
<!DOCTYPE html PUBLIC "-//W3C//DTD XHTML 1.0 Transitional//EN"
    "http://www.w3.org/TR/xhtml1/DTD/xhtml1-transitional.dtd">
<html xmlns="http://www.w3.org/1999/xhtml" xml:lang="en" lang="en">
 <head>
  <title>
</title>
<meta http-equiv="Content-Type" content="text/html;charset=utf-8" />
  <meta name='ocr-system' content='tesseract 3.04.00' />
  <meta name='ocr-capabilities' content='ocr_page ocr_carea ocr_par ocr_line ocrx_word'/>
</head>
<body>
  <div class='ocr_page' id='page_1' title='image "./ppapiniistatiili00statuoft_0024.png"; bbox 0 0 2892 3840; ppageno 0'>
   <div class='ocr_carea' id='block_1_1' title="bbox 373 427 1800 479">
    <p class='ocr_par' dir='ltr' id='par_1_1' title="bbox 373 427 1800 479">
     <span class='ocr_line' id='line_1_1' title="bbox 373 427 1800 479; baseline -0.001 0"><span class='ocrx_word' id='word_1_1' title='bbox 373 443 503 479; x_wconf 85' lang='lat' dir='ltr'><strong>xvm</strong></span> <span class='ocrx_word' id='word_1_2' title='bbox 1226 427 1800 478; x_wconf 78' lang='lat' dir='ltr'><strong>PRAEFAT10.</strong></span> 
     </span>
    </p>
   </div>
   <div class='ocr_carea' id='block_1_2' title="bbox 370 527 2660 2173">
    <p class='ocr_par' dir='ltr' id='par_1_2' title="bbox 370 527 2642 943">
     <span class='ocr_line' id='line_1_2' title="bbox 374 527 2634 597; baseline -0.001 -13"><span class='ocrx_word' id='word_1_3' title='bbox 374 546 479 584; x_wconf 88' lang='lat' dir='ltr'><strong>tem</strong></span> <span class='ocrx_word' id='word_1_4' title='bbox 510 545 638 580; x_wconf 85' lang='lat' dir='ltr'><strong>mox</strong></span> <span class='ocrx_word' id='word_1_5' title='bbox 669 530 735 594; x_wconf 90' lang='lat' dir='ltr'><strong>(si</strong></span> <span class='ocrx_word' id='word_1_6' title='bbox 764 529 892 578; x_wconf 86' lang='lat' dir='ltr'>nihil</span> <span class='ocrx_word' id='word_1_7' title='bbox 921 527 1224 592; x_wconf 78' lang='lat' dir='ltr'><strong>interpellat,</strong></span> <span class='ocrx_word' id='word_1_8' title='bbox 1259 537 1310 577; x_wconf 89' lang='lat' dir='ltr'><strong>et</strong></span> <span class='ocrx_word' id='word_1_9' title='bbox 1344 532 1389 579; x_wconf 88' lang='lat' dir='ltr'><strong>si</strong></span> <span class='ocrx_word' id='word_1_10' title='bbox 1419 529 1794 581; x_wconf 88' lang='lat' dir='ltr'><strong>Eruditioribus</strong></span> <span class='ocrx_word' id='word_1_11' title='bbox 1825 532 1955 582; x_wconf 86' lang='lat' dir='ltr'><strong>tanti</strong></span> <span class='ocrx_word' id='word_1_12' title='bbox 1986 527 2266 597; x_wconf 84' lang='lat' dir='ltr'><strong>videbitur)</strong></span> <span class='ocrx_word' id='word_1_13' title='bbox 2299 531 2634 597; x_wconf 84' lang='lat' dir='ltr'>compensabo</span> 
     </span>
     <span class='ocr_line' id='line_1_3' title="bbox 370 597 2635 666; baseline -0.003 -12"><span class='ocrx_word' id='word_1_14' title='bbox 370 603 626 654; x_wconf 88' lang='lat' dir='ltr'><strong>brevitate</strong></span> <span class='ocrx_word' id='word_1_15' title='bbox 662 598 908 647; x_wconf 88' lang='lat' dir='ltr'><strong>Notarum</strong></span> <span class='ocrx_word' id='word_1_16' title='bbox 945 605 996 644; x_wconf 91' lang='lat' dir='ltr'><strong>et</strong></span> <span class='ocrx_word' id='word_1_17' title='bbox 1025 597 1454 648; x_wconf 88' lang='lat' dir='ltr'><strong>Emendationum</strong></span> <span class='ocrx_word' id='word_1_18' title='bbox 1489 601 1545 648; x_wconf 90' lang='lat' dir='ltr'><strong>in</strong></span> <span class='ocrx_word' id='word_1_19' title='bbox 1587 600 1934 666; x_wconf 61' lang='lat' dir='ltr'><strong>Proper-mom,</strong></span> <span class='ocrx_word' id='word_1_20' title='bbox 1974 602 2054 649; x_wconf 92' lang='lat' dir='ltr'><strong>cui</strong></span> <span class='ocrx_word' id='word_1_21' title='bbox 2095 601 2205 663; x_wconf 88' lang='lat' dir='ltr'><strong>jam</strong></span> <span class='ocrx_word' id='word_1_22' title='bbox 2251 616 2365 650; x_wconf 86' lang='lat' dir='ltr'><strong>cum</strong></span> <span class='ocrx_word' id='word_1_23' title='bbox 2407 603 2635 650; x_wconf 82' lang='lat' dir='ltr'><strong>maxime</strong></span> 
     </span>
     <span class='ocr_line' id='line_1_4' title="bbox 376 665 2637 734; baseline -0.002 -12"><span class='ocrx_word' id='word_1_24' title='bbox 376 670 636 722; x_wconf 86' lang='lat' dir='ltr'><strong>incumbo:</strong></span> <span class='ocrx_word' id='word_1_25' title='bbox 674 676 725 715; x_wconf 91' lang='lat' dir='ltr'><strong>et</strong></span> <span class='ocrx_word' id='word_1_26' title='bbox 758 669 997 730; x_wconf 87' lang='lat' dir='ltr'><strong>proxima</strong></span> <span class='ocrx_word' id='word_1_27' title='bbox 1032 665 1230 715; x_wconf 86' lang='lat' dir='ltr'><strong>foetura</strong></span> <span class='ocrx_word' id='word_1_28' title='bbox 1266 666 1508 729; x_wconf 87' lang='lat' dir='ltr'><strong>excludet</strong></span> <span class='ocrx_word' id='word_1_29' title='bbox 1559 669 1726 717; x_wconf 79' lang='lat' dir='ltr'><strong>Statii</strong></span> <span class='ocrx_word' id='word_1_30' title='bbox 1763 669 2020 718; x_wconf 70' lang='lat' dir='ltr'><strong>Thebaida</strong></span> <span class='ocrx_word' id='word_1_31' title='bbox 2065 678 2117 718; x_wconf 92' lang='lat' dir='ltr'><strong>et</strong></span> <span class='ocrx_word' id='word_1_32' title='bbox 2151 668 2467 726; x_wconf 56' lang='lat' dir='ltr'><strong>Achatem»,-</strong></span> <span class='ocrx_word' id='word_1_33' title='bbox 2513 683 2637 734; x_wconf 87' lang='lat' dir='ltr'><strong>quas</strong></span> 
     </span>
     <span class='ocr_line' id='line_1_5' title="bbox 378 734 2641 803; baseline -0.002 -13"><span class='ocrx_word' id='word_1_34' title='bbox 378 756 492 790; x_wconf 91' lang='lat' dir='ltr'><strong>cum</strong></span> <span class='ocrx_word' id='word_1_35' title='bbox 524 738 691 786; x_wconf 85' lang='lat' dir='ltr'><strong>Libris</strong></span> <span class='ocrx_word' id='word_1_36' title='bbox 722 735 862 783; x_wconf 85' lang='lat' dir='ltr'><strong>MSS.</strong></span> <span class='ocrx_word' id='word_1_37' title='bbox 899 734 1104 781; x_wconf 86' lang='lat' dir='ltr'><strong>collatas</strong></span> <span class='ocrx_word' id='word_1_38' title='bbox 1142 735 1292 783; x_wconf 89' lang='lat' dir='ltr'><strong>edere</strong></span> <span class='ocrx_word' id='word_1_39' title='bbox 1330 735 1543 785; x_wconf 89' lang='lat' dir='ltr'><strong>destino.</strong></span> <span class='ocrx_word' id='word_1_40' title='bbox 1579 739 1635 786; x_wconf 92' lang='lat' dir='ltr'><strong>in</strong></span> <span class='ocrx_word' id='word_1_41' title='bbox 1662 754 1814 803; x_wconf 89' lang='lat' dir='ltr'><strong>quam</strong></span> <span class='ocrx_word' id='word_1_42' title='bbox 1840 754 1949 786; x_wconf 89' lang='lat' dir='ltr'><strong>rem</strong></span> <span class='ocrx_word' id='word_1_43' title='bbox 1965 738 2113 786; x_wconf 90' lang='lat' dir='ltr'><strong>Viros</strong></span> <span class='ocrx_word' id='word_1_44' title='bbox 2127 737 2369 786; x_wconf 88' lang='lat' dir='ltr'><strong>Eruditos</strong></span> <span class='ocrx_word' id='word_1_45' title='bbox 2400 746 2641 790; x_wconf 88' lang='lat' dir='ltr'><strong>exoratos</strong></span> 
     </span>
     <span class='ocr_line' id='line_1_6' title="bbox 376 802 2642 872; baseline -0.002 -15"><span class='ocrx_word' id='word_1_46' title='bbox 376 810 561 865; x_wconf 88' lang='lat' dir='ltr'><strong>velim,</strong></span> <span class='ocrx_word' id='word_1_47' title='bbox 605 813 662 853; x_wconf 90' lang='lat' dir='ltr'><strong>ut</strong></span> <span class='ocrx_word' id='word_1_48' title='bbox 695 803 821 852; x_wconf 91' lang='lat' dir='ltr'><strong>mihi</strong></span> <span class='ocrx_word' id='word_1_49' title='bbox 860 802 1202 853; x_wconf 85' lang='lat' dir='ltr'><strong>transmittere</strong></span> <span class='ocrx_word' id='word_1_50' title='bbox 1249 804 1520 867; x_wconf 86' lang='lat' dir='ltr'><strong>dignentur</strong></span> <span class='ocrx_word' id='word_1_51' title='bbox 1569 807 1614 854; x_wconf 89' lang='lat' dir='ltr'><strong>si</strong></span> <span class='ocrx_word' id='word_1_52' title='bbox 1649 807 1770 870; x_wconf 89' lang='lat' dir='ltr'><strong>quid</strong></span> <span class='ocrx_word' id='word_1_53' title='bbox 1807 806 1924 854; x_wconf 91' lang='lat' dir='ltr'><strong>huic</strong></span> <span class='ocrx_word' id='word_1_54' title='bbox 1961 808 2221 872; x_wconf 88' lang='lat' dir='ltr'><strong>proposito</strong></span> <span class='ocrx_word' id='word_1_55' title='bbox 2261 807 2642 857; x_wconf 88' lang='lat' dir='ltr'><strong>accommodum</strong></span> 
     </span>
     <span class='ocr_line' id='line_1_7' title="bbox 379 869 2639 943; baseline -0.003 -17"><span class='ocrx_word' id='word_1_56' title='bbox 379 892 536 943; x_wconf 88' lang='lat' dir='ltr'><strong>penes</strong></span> <span class='ocrx_word' id='word_1_57' title='bbox 572 890 626 923; x_wconf 90' lang='lat' dir='ltr'><strong>se</strong></span> <span class='ocrx_word' id='word_1_58' title='bbox 658 873 889 921; x_wconf 83' lang='lat' dir='ltr'><strong>habeant.</strong></span> <span class='ocrx_word' id='word_1_59' title='bbox 926 869 1139 917; x_wconf 86' lang='lat' dir='ltr'><strong>reddam</strong></span> <span class='ocrx_word' id='word_1_60' title='bbox 1174 873 1357 930; x_wconf 81' lang='lat' dir='ltr'><strong>vicem,</strong></span> <span class='ocrx_word' id='word_1_61' title='bbox 1395 874 1438 920; x_wconf 90' lang='lat' dir='ltr'><strong>si</strong></span> <span class='ocrx_word' id='word_1_62' title='bbox 1468 882 1757 939; x_wconf 90' lang='lat' dir='ltr'><strong>reposcant;</strong></span> <span class='ocrx_word' id='word_1_63' title='bbox 1788 873 2019 932; x_wconf 86' lang='lat' dir='ltr'><strong>reddam,</strong></span> <span class='ocrx_word' id='word_1_64' title='bbox 2060 882 2112 922; x_wconf 88' lang='lat' dir='ltr'><strong>et</strong></span> <span class='ocrx_word' id='word_1_65' title='bbox 2147 875 2192 923; x_wconf 90' lang='lat' dir='ltr'><strong>si</strong></span> <span class='ocrx_word' id='word_1_66' title='bbox 2225 889 2329 922; x_wconf 90' lang='lat' dir='ltr'><strong>non</strong></span> <span class='ocrx_word' id='word_1_67' title='bbox 2362 881 2639 941; x_wconf 84' lang='lat' dir='ltr'><strong>reposcant.</strong></span> 
     </span>
    </p>

    <p class='ocr_par' dir='ltr' id='par_1_3' title="bbox 382 938 2660 2173">
     <span class='ocr_line' id='line_1_8' title="bbox 598 938 2642 1006; baseline -0 -16"><span class='ocrx_word' id='word_1_68' title='bbox 598 943 677 990; x_wconf 89' lang='lat' dir='ltr'><strong>De</strong></span> <span class='ocrx_word' id='word_1_69' title='bbox 730 939 934 1002; x_wconf 75' lang='lat' dir='ltr'><strong>Virgilii</strong></span> <span class='ocrx_word' id='word_1_70' title='bbox 962 938 1195 997; x_wconf 78' lang='lat' dir='ltr'><strong>Aeneide,</strong></span> <span class='ocrx_word' id='word_1_71' title='bbox 1230 940 1531 1003; x_wconf 90' lang='lat' dir='ltr'><strong>quibusdam</strong></span> <span class='ocrx_word' id='word_1_72' title='bbox 1574 943 1630 988; x_wconf 91' lang='lat' dir='ltr'><strong>in</strong></span> <span class='ocrx_word' id='word_1_73' title='bbox 1667 941 1807 1000; x_wconf 87' lang='lat' dir='ltr'><strong>locis,</strong></span> <span class='ocrx_word' id='word_1_74' title='bbox 1842 942 2130 1006; x_wconf 84' lang='lat' dir='ltr'><strong>(praecipue</strong></span> <span class='ocrx_word' id='word_1_75' title='bbox 2172 957 2220 1005; x_wconf 91' lang='lat' dir='ltr'><strong>p.</strong></span> <span class='ocrx_word' id='word_1_76' title='bbox 2269 944 2382 992; x_wconf 84' lang='lat'><strong>302.</strong></span> <span class='ocrx_word' id='word_1_77' title='bbox 2427 941 2532 991; x_wconf 89' lang='lat' dir='ltr'><strong>Col.</strong></span> <span class='ocrx_word' id='word_1_78' title='bbox 2577 946 2642 1003; x_wconf 88' lang='lat'><strong>1.)</strong></span> 
     </span>
     <span class='ocr_line' id='line_1_9' title="bbox 382 1007 2646 1074; baseline -0.002 -12"><span class='ocrx_word' id='word_1_79' title='bbox 382 1014 588 1062; x_wconf 85' lang='lat' dir='ltr'><strong>liberius</strong></span> <span class='ocrx_word' id='word_1_80' title='bbox 625 1024 775 1074; x_wconf 82' lang='lat' dir='ltr'><strong>quam</strong></span> <span class='ocrx_word' id='word_1_81' title='bbox 828 1023 938 1054; x_wconf 87' lang='lat' dir='ltr'><strong>mos</strong></span> <span class='ocrx_word' id='word_1_82' title='bbox 984 1014 1076 1064; x_wconf 84' lang='lat' dir='ltr'><strong>est,</strong></span> <span class='ocrx_word' id='word_1_83' title='bbox 1112 1007 1347 1069; x_wconf 88' lang='lat' dir='ltr'><strong>opinatus</strong></span> <span class='ocrx_word' id='word_1_84' title='bbox 1401 1022 1527 1056; x_wconf 90' lang='lat' dir='ltr'><strong>sum.</strong></span> <span class='ocrx_word' id='word_1_85' title='bbox 1597 1007 1763 1071; x_wconf 90' lang='lat' dir='ltr'><strong>Hujus</strong></span> <span class='ocrx_word' id='word_1_86' title='bbox 1810 1010 2061 1072; x_wconf 88' lang='lat' dir='ltr'><strong>opinionis</strong></span> <span class='ocrx_word' id='word_1_87' title='bbox 2107 1010 2372 1058; x_wconf 89' lang='lat' dir='ltr'><strong>audaciam</strong></span> <span class='ocrx_word' id='word_1_88' title='bbox 2417 1018 2646 1074; x_wconf 85' lang='lat' dir='ltr'><strong>expavet</strong></span> 
     </span>
     <span class='ocr_line' id='line_1_10' title="bbox 383 1075 2646 1141; baseline -0.002 -11"><span class='ocrx_word' id='word_1_89' title='bbox 383 1081 609 1130; x_wconf 87' lang='lat' dir='ltr'><strong>eruditus</strong></span> <span class='ocrx_word' id='word_1_90' title='bbox 645 1076 849 1141; x_wconf 89' lang='lat' dir='ltr'><strong>quidam</strong></span> <span class='ocrx_word' id='word_1_91' title='bbox 881 1075 1086 1122; x_wconf 88' lang='lat' dir='ltr'><strong>Amicus</strong></span> <span class='ocrx_word' id='word_1_92' title='bbox 1123 1089 1295 1122; x_wconf 87' lang='lat' dir='ltr'><strong>meus:</strong></span> <span class='ocrx_word' id='word_1_93' title='bbox 1339 1077 1478 1138; x_wconf 88' lang='lat' dir='ltr'><strong>cujus</strong></span> <span class='ocrx_word' id='word_1_94' title='bbox 1515 1075 1681 1135; x_wconf 70' lang='lat' dir='ltr'><strong>causa,</strong></span> <span class='ocrx_word' id='word_1_95' title='bbox 1712 1084 1764 1124; x_wconf 90' lang='lat' dir='ltr'><strong>et</strong></span> <span class='ocrx_word' id='word_1_96' title='bbox 1799 1085 1858 1124; x_wconf 90' lang='lat' dir='ltr'><strong>ut</strong></span> <span class='ocrx_word' id='word_1_97' title='bbox 1890 1077 2026 1141; x_wconf 85' lang='lat' dir='ltr'><strong>quod</strong></span> <span class='ocrx_word' id='word_1_98' title='bbox 2061 1093 2242 1126; x_wconf 88' lang='lat' dir='ltr'><strong>censeo</strong></span> <span class='ocrx_word' id='word_1_99' title='bbox 2277 1079 2386 1125; x_wconf 89' lang='lat' dir='ltr'><strong>sine</strong></span> <span class='ocrx_word' id='word_1_100' title='bbox 2423 1078 2646 1141; x_wconf 78' lang='lat' dir='ltr'><strong>ambagi-</strong></span> 
     </span>
     <span class='ocr_line' id='line_1_11' title="bbox 382 1143 2646 1212; baseline -0.002 -14"><span class='ocrx_word' id='word_1_101' title='bbox 382 1151 476 1198; x_wconf 87' lang='lat' dir='ltr'><strong>bus</strong></span> <span class='ocrx_word' id='word_1_102' title='bbox 513 1147 780 1212; x_wconf 86' lang='lat' dir='ltr'><strong>proferam,</strong></span> <span class='ocrx_word' id='word_1_103' title='bbox 815 1143 975 1201; x_wconf 92' lang='lat' dir='ltr'><strong>addo,</strong></span> <span class='ocrx_word' id='word_1_104' title='bbox 1016 1143 1240 1190; x_wconf 91' lang='lat' dir='ltr'><strong>Plurima</strong></span> <span class='ocrx_word' id='word_1_105' title='bbox 1291 1158 1404 1192; x_wconf 88' lang='lat' dir='ltr'><strong>esse</strong></span> <span class='ocrx_word' id='word_1_106' title='bbox 1437 1146 1493 1192; x_wconf 92' lang='lat' dir='ltr'><strong>in</strong></span> <span class='ocrx_word' id='word_1_107' title='bbox 1525 1145 1625 1192; x_wconf 90' lang='lat' dir='ltr'><strong>isto</strong></span> <span class='ocrx_word' id='word_1_108' title='bbox 1666 1147 1930 1208; x_wconf 67' lang='lat' dir='ltr'><strong>poemate,</strong></span> <span class='ocrx_word' id='word_1_109' title='bbox 1967 1160 2121 1210; x_wconf 88' lang='lat' dir='ltr'><strong>quae,</strong></span> <span class='ocrx_word' id='word_1_110' title='bbox 2167 1148 2211 1194; x_wconf 90' lang='lat' dir='ltr'><strong>si</strong></span> <span class='ocrx_word' id='word_1_111' title='bbox 2246 1161 2338 1208; x_wconf 84' lang='lat' dir='ltr'><strong>ego</strong></span> <span class='ocrx_word' id='word_1_112' title='bbox 2375 1148 2646 1212; x_wconf 87' lang='lat' dir='ltr'><strong>(pessimus</strong></span> 
     </span>
     <span class='ocr_line' id='line_1_12' title="bbox 385 1210 2647 1278; baseline -0.002 -13"><span class='ocrx_word' id='word_1_113' title='bbox 385 1217 610 1265; x_wconf 88' lang='lat' dir='ltr'><strong>omnium</strong></span> <span class='ocrx_word' id='word_1_114' title='bbox 645 1212 819 1278; x_wconf 66' lang='lat' dir='ltr'><strong>poeta)</strong></span> <span class='ocrx_word' id='word_1_115' title='bbox 855 1225 1033 1261; x_wconf 83' lang='lat' dir='ltr'><strong>versus</strong></span> <span class='ocrx_word' id='word_1_116' title='bbox 1076 1210 1372 1270; x_wconf 88' lang='lat' dir='ltr'><strong>scriberem,</strong></span> <span class='ocrx_word' id='word_1_117' title='bbox 1423 1213 1612 1260; x_wconf 90' lang='lat' dir='ltr'><strong>nollem</strong></span> <span class='ocrx_word' id='word_1_118' title='bbox 1646 1214 1703 1260; x_wconf 92' lang='lat' dir='ltr'><strong>in</strong></span> <span class='ocrx_word' id='word_1_119' title='bbox 1746 1215 1874 1262; x_wconf 88' lang='lat' dir='ltr'><strong>meis</strong></span> <span class='ocrx_word' id='word_1_120' title='bbox 1916 1214 2149 1278; x_wconf 86' lang='lat' dir='ltr'><strong>conspici.</strong></span> <span class='ocrx_word' id='word_1_121' title='bbox 2197 1221 2250 1262; x_wconf 90' lang='lat' dir='ltr'><strong>et</strong></span> <span class='ocrx_word' id='word_1_122' title='bbox 2282 1215 2402 1263; x_wconf 92' lang='lat' dir='ltr'><strong>licet</strong></span> <span class='ocrx_word' id='word_1_123' title='bbox 2434 1229 2647 1264; x_wconf 90' lang='lat' dir='ltr'><strong>numero</strong></span> 
     </span>
     <span class='ocr_line' id='line_1_13' title="bbox 382 1280 2650 1341; baseline -0.002 -7"><span class='ocrx_word' id='word_1_124' title='bbox 382 1285 578 1334; x_wconf 88' lang='lat' dir='ltr'><strong>infinita</strong></span> <span class='ocrx_word' id='word_1_125' title='bbox 619 1283 754 1329; x_wconf 89' lang='lat' dir='ltr'><strong>ultra</strong></span> <span class='ocrx_word' id='word_1_126' title='bbox 787 1281 1038 1328; x_wconf 89' lang='lat' dir='ltr'><strong>humanae</strong></span> <span class='ocrx_word' id='word_1_127' title='bbox 1081 1280 1381 1328; x_wconf 88' lang='lat' dir='ltr'><strong>imitationis</strong></span> <span class='ocrx_word' id='word_1_128' title='bbox 1425 1289 1591 1329; x_wconf 87' lang='lat' dir='ltr'><strong>metus</strong></span> <span class='ocrx_word' id='word_1_129' title='bbox 1635 1282 1691 1330; x_wconf 89' lang='lat' dir='ltr'><strong>in</strong></span> <span class='ocrx_word' id='word_1_130' title='bbox 1732 1283 1819 1330; x_wconf 92' lang='lat' dir='ltr'><strong>illo</strong></span> <span class='ocrx_word' id='word_1_131' title='bbox 1865 1283 2149 1341; x_wconf 89' lang='lat' dir='ltr'><strong>emineant,</strong></span> <span class='ocrx_word' id='word_1_132' title='bbox 2190 1284 2434 1333; x_wconf 89' lang='lat' dir='ltr'><strong>nonnulla</strong></span> <span class='ocrx_word' id='word_1_133' title='bbox 2475 1290 2650 1332; x_wconf 87' lang='lat' dir='ltr'><strong>tamen</strong></span> 
     </span>
     <span class='ocr_line' id='line_1_14' title="bbox 385 1347 2648 1415; baseline -0.002 -12"><span class='ocrx_word' id='word_1_134' title='bbox 385 1360 503 1403; x_wconf 89' lang='lat' dir='ltr'><strong>sunt</strong></span> <span class='ocrx_word' id='word_1_135' title='bbox 537 1349 948 1408; x_wconf 85' lang='lat' dir='ltr'><strong>contradictoria,</strong></span> <span class='ocrx_word' id='word_1_136' title='bbox 994 1347 1155 1395; x_wconf 86' lang='lat' dir='ltr'><strong>multa</strong></span> <span class='ocrx_word' id='word_1_137' title='bbox 1196 1348 1462 1412; x_wconf 87' lang='lat' dir='ltr'><strong>languida,</strong></span> <span class='ocrx_word' id='word_1_138' title='bbox 1503 1350 1685 1409; x_wconf 87' lang='lat' dir='ltr'><strong>exilia,</strong></span> <span class='ocrx_word' id='word_1_139' title='bbox 1727 1351 2023 1414; x_wconf 87' lang='lat' dir='ltr'><strong>nugatoria,</strong></span> <span class='ocrx_word' id='word_1_140' title='bbox 2068 1351 2248 1415; x_wconf 85' lang='lat' dir='ltr'><strong>spiritu</strong></span> <span class='ocrx_word' id='word_1_141' title='bbox 2295 1360 2347 1400; x_wconf 92' lang='lat' dir='ltr'><strong>et</strong></span> <span class='ocrx_word' id='word_1_142' title='bbox 2380 1353 2648 1414; x_wconf 85' lang='lat' dir='ltr'><strong>majestate</strong></span> 
     </span>
     <span class='ocr_line' id='line_1_15' title="bbox 387 1417 2649 1486; baseline -0.001 -16"><span class='ocrx_word' id='word_1_143' title='bbox 387 1422 637 1471; x_wconf 84' lang='lat' dir='ltr'><strong>Carminis</strong></span> <span class='ocrx_word' id='word_1_144' title='bbox 685 1417 887 1466; x_wconf 80' lang='lat' dir='ltr'><strong>Hero&#39;ici</strong></span> <span class='ocrx_word' id='word_1_145' title='bbox 929 1417 1148 1465; x_wconf 86' lang='lat' dir='ltr'><strong>defecta:</strong></span> <span class='ocrx_word' id='word_1_146' title='bbox 1191 1431 1320 1481; x_wconf 91' lang='lat' dir='ltr'><strong>quae</strong></span> <span class='ocrx_word' id='word_1_147' title='bbox 1365 1419 1409 1466; x_wconf 91' lang='lat' dir='ltr'><strong>si</strong></span> <span class='ocrx_word' id='word_1_148' title='bbox 1457 1418 1672 1467; x_wconf 84' lang='lat' dir='ltr'><strong>Perfecti</strong></span> <span class='ocrx_word' id='word_1_149' title='bbox 1721 1419 1901 1483; x_wconf 86' lang='lat' dir='ltr'><strong>Operis</strong></span> <span class='ocrx_word' id='word_1_150' title='bbox 1949 1420 2093 1482; x_wconf 86' lang='lat' dir='ltr'><strong>signa</strong></span> <span class='ocrx_word' id='word_1_151' title='bbox 2139 1427 2285 1480; x_wconf 89' lang='lat' dir='ltr'><strong>sunt,</strong></span> <span class='ocrx_word' id='word_1_152' title='bbox 2328 1423 2400 1469; x_wconf 87' lang='lat' dir='ltr'><strong>sit</strong></span> <span class='ocrx_word' id='word_1_153' title='bbox 2439 1435 2533 1486; x_wconf 88' lang='lat' dir='ltr'><strong>per</strong></span> <span class='ocrx_word' id='word_1_154' title='bbox 2564 1434 2649 1468; x_wconf 84' lang='lat' dir='ltr'><strong>me</strong></span> 
     </span>
     <span class='ocr_line' id='line_1_16' title="bbox 388 1485 2653 1557; baseline -0.002 -19"><span class='ocrx_word' id='word_1_155' title='bbox 388 1489 757 1557; x_wconf 88' lang='lat' dir='ltr'><strong>quantumlibet</strong></span> <span class='ocrx_word' id='word_1_156' title='bbox 787 1486 1010 1551; x_wconf 88' lang='lat' dir='ltr'><strong>perfecta</strong></span> <span class='ocrx_word' id='word_1_157' title='bbox 1032 1485 1227 1547; x_wconf 83' lang='lat' dir='ltr'><strong>Virgilii</strong></span> <span class='ocrx_word' id='word_1_158' title='bbox 1261 1486 1455 1535; x_wconf 68' lang='lat' dir='ltr'><strong>Aeneis.</strong></span> <span class='ocrx_word' id='word_1_159' title='bbox 1524 1487 1593 1535; x_wconf 86' lang='lat' dir='ltr'><strong>Et</strong></span> <span class='ocrx_word' id='word_1_160' title='bbox 1627 1487 1690 1536; x_wconf 91' lang='lat' dir='ltr'><strong>de</strong></span> <span class='ocrx_word' id='word_1_161' title='bbox 1726 1487 1990 1550; x_wconf 77' lang='lat' dir='ltr'><strong>Georgicis</strong></span> <span class='ocrx_word' id='word_1_162' title='bbox 2029 1488 2235 1554; x_wconf 87' lang='lat' dir='ltr'><strong>quidem</strong></span> <span class='ocrx_word' id='word_1_163' title='bbox 2265 1496 2510 1555; x_wconf 86' lang='lat' dir='ltr'><strong>quantum</strong></span> <span class='ocrx_word' id='word_1_164' title='bbox 2539 1486 2653 1539; x_wconf 84' lang='lat' dir='ltr'><strong>vult</strong></span> 
     </span>
     <span class='ocr_line' id='line_1_17' title="bbox 388 1554 2651 1622; baseline -0.002 -15"><span class='ocrx_word' id='word_1_165' title='bbox 388 1557 633 1617; x_wconf 80' lang='lat' dir='ltr'><strong>eonced03</strong></span> <span class='ocrx_word' id='word_1_166' title='bbox 669 1557 732 1604; x_wconf 90' lang='lat' dir='ltr'><strong>de</strong></span> <span class='ocrx_word' id='word_1_167' title='bbox 770 1554 989 1602; x_wconf 66' lang='lat' dir='ltr'><strong>Aeneide</strong></span> <span class='ocrx_word' id='word_1_168' title='bbox 1024 1570 1176 1611; x_wconf 88' lang='lat' dir='ltr'><strong>vero,</strong></span> <span class='ocrx_word' id='word_1_169' title='bbox 1222 1569 1379 1602; x_wconf 91' lang='lat' dir='ltr'><strong>renuo</strong></span> <span class='ocrx_word' id='word_1_170' title='bbox 1424 1558 1711 1622; x_wconf 85' lang='lat' dir='ltr'><strong>negitoque.</strong></span> <span class='ocrx_word' id='word_1_171' title='bbox 1782 1557 1898 1606; x_wconf 89' lang='lat' dir='ltr'><strong>Non</strong></span> <span class='ocrx_word' id='word_1_172' title='bbox 1944 1556 2080 1605; x_wconf 90' lang='lat' dir='ltr'><strong>solus</strong></span> <span class='ocrx_word' id='word_1_173' title='bbox 2125 1559 2200 1606; x_wconf 87' lang='lat' dir='ltr'><strong>ita</strong></span> <span class='ocrx_word' id='word_1_174' title='bbox 2242 1573 2450 1618; x_wconf 83' lang='lat' dir='ltr'><strong>cense03</strong></span> <span class='ocrx_word' id='word_1_175' title='bbox 2491 1558 2651 1606; x_wconf 86' lang='lat' dir='ltr'><strong>immo</strong></span> 
     </span>
     <span class='ocr_line' id='line_1_18' title="bbox 388 1622 2653 1694; baseline -0.001 -19"><span class='ocrx_word' id='word_1_176' title='bbox 388 1629 484 1676; x_wconf 90' lang='lat' dir='ltr'><strong>hoc</strong></span> <span class='ocrx_word' id='word_1_177' title='bbox 515 1627 732 1674; x_wconf 88' lang='lat' dir='ltr'><strong>sensisse</strong></span> <span class='ocrx_word' id='word_1_178' title='bbox 760 1623 965 1674; x_wconf 87' lang='lat' dir='ltr'><strong>videtur</strong></span> <span class='ocrx_word' id='word_1_179' title='bbox 999 1625 1111 1688; x_wconf 89' lang='lat' dir='ltr'><strong>Ipse</strong></span> <span class='ocrx_word' id='word_1_180' title='bbox 1148 1622 1403 1687; x_wconf 88' lang='lat' dir='ltr'><strong>Virgilius,</strong></span> <span class='ocrx_word' id='word_1_181' title='bbox 1442 1626 1663 1690; x_wconf 89' lang='lat' dir='ltr'><strong>optimus</strong></span> <span class='ocrx_word' id='word_1_182' title='bbox 1694 1634 1828 1675; x_wconf 89' lang='lat' dir='ltr'><strong>certe</strong></span> <span class='ocrx_word' id='word_1_183' title='bbox 1864 1628 1944 1674; x_wconf 90' lang='lat' dir='ltr'><strong>sui</strong></span> <span class='ocrx_word' id='word_1_184' title='bbox 1971 1625 2162 1689; x_wconf 84' lang='lat' dir='ltr'><strong>judex3</strong></span> <span class='ocrx_word' id='word_1_185' title='bbox 2195 1635 2285 1676; x_wconf 90' lang='lat' dir='ltr'><strong>aut</strong></span> <span class='ocrx_word' id='word_1_186' title='bbox 2315 1641 2471 1694; x_wconf 83' lang='lat' dir='ltr'><strong>quare</strong></span> <span class='ocrx_word' id='word_1_187' title='bbox 2490 1625 2653 1688; x_wconf 68' lang='lat' dir='ltr'><strong>flant—</strong></span> 
     </span>
     <span class='ocr_line' id='line_1_19' title="bbox 390 1691 2655 1759; baseline -0 -16"><span class='ocrx_word' id='word_1_188' title='bbox 390 1697 487 1743; x_wconf 75' lang='lat' dir='ltr'><strong>mis</strong></span> <span class='ocrx_word' id='word_1_189' title='bbox 521 1694 716 1742; x_wconf 84' lang='lat' dir='ltr'><strong>aboleri</strong></span> <span class='ocrx_word' id='word_1_190' title='bbox 733 1691 896 1759; x_wconf 79' lang='lat' dir='ltr'><strong>jussit</strong></span> <span class='ocrx_word' id='word_1_191' title='bbox 928 1692 1021 1740; x_wconf 91' lang='lat' dir='ltr'><strong>hoc</strong></span> <span class='ocrx_word' id='word_1_192' title='bbox 1057 1691 1214 1755; x_wconf 60' lang='lat' dir='ltr'><strong>opus?</strong></span> <span class='ocrx_word' id='word_1_193' title='bbox 1282 1693 1385 1741; x_wconf 88' lang='lat' dir='ltr'><strong>Sed</strong></span> <span class='ocrx_word' id='word_1_194' title='bbox 1420 1702 1473 1741; x_wconf 87' lang='lat' dir='ltr'><strong>et</strong></span> <span class='ocrx_word' id='word_1_195' title='bbox 1509 1694 1661 1754; x_wconf 90' lang='lat' dir='ltr'><strong>solus,</strong></span> <span class='ocrx_word' id='word_1_196' title='bbox 1696 1696 1771 1744; x_wconf 89' lang='lat' dir='ltr'><strong>ita</strong></span> <span class='ocrx_word' id='word_1_197' title='bbox 1799 1696 2046 1753; x_wconf 85' lang='lat' dir='ltr'><strong>censebo,</strong></span> <span class='ocrx_word' id='word_1_198' title='bbox 2093 1695 2255 1744; x_wconf 88' lang='lat' dir='ltr'><strong>donec</strong></span> <span class='ocrx_word' id='word_1_199' title='bbox 2284 1697 2474 1745; x_wconf 84' lang='lat' dir='ltr'><strong>Sensus</strong></span> <span class='ocrx_word' id='word_1_200' title='bbox 2505 1692 2655 1743; x_wconf 88' lang='lat' dir='ltr'><strong>Com·</strong></span> 
     </span>
     <span class='ocr_line' id='line_1_20' title="bbox 390 1761 2655 1829; baseline -0.001 -16"><span class='ocrx_word' id='word_1_201' title='bbox 390 1765 559 1814; x_wconf 88' lang='lat' dir='ltr'><strong>munis</strong></span> <span class='ocrx_word' id='word_1_202' title='bbox 597 1771 649 1810; x_wconf 91' lang='lat' dir='ltr'><strong>et</strong></span> <span class='ocrx_word' id='word_1_203' title='bbox 678 1763 865 1809; x_wconf 89' lang='lat' dir='ltr'><strong>Rerum</strong></span> <span class='ocrx_word' id='word_1_204' title='bbox 907 1761 1151 1809; x_wconf 90' lang='lat' dir='ltr'><strong>Notiones</strong></span> <span class='ocrx_word' id='word_1_205' title='bbox 1198 1762 1368 1810; x_wconf 90' lang='lat' dir='ltr'><strong>animo</strong></span> <span class='ocrx_word' id='word_1_206' title='bbox 1415 1763 1709 1812; x_wconf 89' lang='lat' dir='ltr'><strong>haerebunt.</strong></span> <span class='ocrx_word' id='word_1_207' title='bbox 1777 1764 2153 1829; x_wconf 90' lang='lat' dir='ltr'><strong>Impudentiam</strong></span> <span class='ocrx_word' id='word_1_208' title='bbox 2196 1764 2282 1815; x_wconf 85' lang='lat' dir='ltr'><strong>vel</strong></span> <span class='ocrx_word' id='word_1_209' title='bbox 2326 1763 2655 1813; x_wconf 83' lang='lat' dir='ltr'><strong>Dementiam</strong></span> 
     </span>
     <span class='ocr_line' id='line_1_21' title="bbox 391 1830 2658 1896; baseline -0.002 -14"><span class='ocrx_word' id='word_1_210' title='bbox 391 1848 560 1882; x_wconf 88' lang='lat' dir='ltr'><strong>meam</strong></span> <span class='ocrx_word' id='word_1_211' title='bbox 595 1830 826 1880; x_wconf 57' lang='lat' dir='ltr'><strong>miraris?</strong></span> <span class='ocrx_word' id='word_1_212' title='bbox 863 1830 996 1895; x_wconf 86' lang='lat' dir='ltr'><strong>quod</strong></span> <span class='ocrx_word' id='word_1_213' title='bbox 1034 1830 1163 1887; x_wconf 82' lang='lat' dir='ltr'><strong>dixi,</strong></span> <span class='ocrx_word' id='word_1_214' title='bbox 1199 1838 1457 1894; x_wconf 88' lang='lat' dir='ltr'><strong>praestare</strong></span> <span class='ocrx_word' id='word_1_215' title='bbox 1492 1840 1700 1896; x_wconf 87' lang='lat' dir='ltr'><strong>paratus</strong></span> <span class='ocrx_word' id='word_1_216' title='bbox 1734 1848 1870 1894; x_wconf 87' lang='lat' dir='ltr'><strong>sum3</strong></span> <span class='ocrx_word' id='word_1_217' title='bbox 1908 1840 1961 1880; x_wconf 88' lang='lat' dir='ltr'><strong>et</strong></span> <span class='ocrx_word' id='word_1_218' title='bbox 1989 1834 2046 1881; x_wconf 91' lang='lat' dir='ltr'><strong>in</strong></span> <span class='ocrx_word' id='word_1_219' title='bbox 2081 1834 2212 1882; x_wconf 91' lang='lat' dir='ltr'><strong>hanc</strong></span> <span class='ocrx_word' id='word_1_220' title='bbox 2242 1849 2377 1893; x_wconf 88' lang='lat' dir='ltr'><strong>rem,</strong></span> <span class='ocrx_word' id='word_1_221' title='bbox 2412 1847 2517 1881; x_wconf 90' lang='lat' dir='ltr'><strong>non</strong></span> <span class='ocrx_word' id='word_1_222' title='bbox 2550 1845 2658 1879; x_wconf 87' lang='lat' dir='ltr'><strong>me-</strong></span> 
     </span>
     <span class='ocr_line' id='line_1_22' title="bbox 393 1898 2659 1968; baseline -0.002 -17"><span class='ocrx_word' id='word_1_223' title='bbox 393 1904 615 1951; x_wconf 83' lang='lat' dir='ltr'><strong>diocrem</strong></span> <span class='ocrx_word' id='word_1_224' title='bbox 651 1901 844 1949; x_wconf 87' lang='lat' dir='ltr'><strong>Silvam</strong></span> <span class='ocrx_word' id='word_1_225' title='bbox 873 1901 982 1962; x_wconf 77' lang='lat' dir='ltr'><strong>Jam</strong></span> <span class='ocrx_word' id='word_1_226' title='bbox 1017 1901 1071 1946; x_wconf 91' lang='lat' dir='ltr'><strong>in</strong></span> <span class='ocrx_word' id='word_1_227' title='bbox 1105 1898 1297 1946; x_wconf 88' lang='lat' dir='ltr'><strong>mundo</strong></span> <span class='ocrx_word' id='word_1_228' title='bbox 1334 1900 1523 1960; x_wconf 89' lang='lat' dir='ltr'><strong>habeo;</strong></span> <span class='ocrx_word' id='word_1_229' title='bbox 1561 1903 1700 1965; x_wconf 90' lang='lat' dir='ltr'><strong>cujus</strong></span> <span class='ocrx_word' id='word_1_230' title='bbox 1737 1904 1994 1967; x_wconf 84' lang='lat' dir='ltr'><strong>specimen</strong></span> <span class='ocrx_word' id='word_1_231' title='bbox 2027 1903 2082 1951; x_wconf 92' lang='lat' dir='ltr'><strong>in</strong></span> <span class='ocrx_word' id='word_1_232' title='bbox 2111 1902 2256 1952; x_wconf 88' lang='lat' dir='ltr'><strong>Notis</strong></span> <span class='ocrx_word' id='word_1_233' title='bbox 2287 1904 2480 1968; x_wconf 90' lang='lat' dir='ltr'><strong>passim</strong></span> <span class='ocrx_word' id='word_1_234' title='bbox 2513 1898 2659 1951; x_wconf 86' lang='lat' dir='ltr'><strong>vide-</strong></span> 
     </span>
     <span class='ocr_line' id='line_1_23' title="bbox 391 1968 2659 2035; baseline -0.002 -16"><span class='ocrx_word' id='word_1_235' title='bbox 391 1971 487 2019; x_wconf 85' lang='lat' dir='ltr'><strong>bis.</strong></span> <span class='ocrx_word' id='word_1_236' title='bbox 558 1970 600 2018; x_wconf 92' lang='grc' dir='ltr'><strong>Ο</strong></span> <span class='ocrx_word' id='word_1_237' title='bbox 640 1968 842 2030; x_wconf 79' lang='lat' dir='ltr'><strong>virgili,</strong></span> <span class='ocrx_word' id='word_1_238' title='bbox 897 1968 1041 2033; x_wconf 83' lang='lat' dir='ltr'><strong>quale</strong></span> <span class='ocrx_word' id='word_1_239' title='bbox 1089 1974 1139 2013; x_wconf 90' lang='lat' dir='ltr'><strong>te</strong></span> <span class='ocrx_word' id='word_1_240' title='bbox 1186 1982 1376 2016; x_wconf 88' lang='lat' dir='ltr'><strong>numen</strong></span> <span class='ocrx_word' id='word_1_241' title='bbox 1425 1969 1611 2018; x_wconf 87' lang='lat' dir='ltr'><strong>habere</strong></span> <span class='ocrx_word' id='word_1_242' title='bbox 1658 1970 1904 2030; x_wconf 87' lang='lat' dir='ltr'><strong>dicerem,</strong></span> <span class='ocrx_word' id='word_1_243' title='bbox 1959 1972 2003 2019; x_wconf 91' lang='lat' dir='ltr'><strong>si</strong></span> <span class='ocrx_word' id='word_1_244' title='bbox 2049 1973 2120 2020; x_wconf 91' lang='lat' dir='ltr'><strong>sic</strong></span> <span class='ocrx_word' id='word_1_245' title='bbox 2155 1973 2328 2021; x_wconf 86' lang='lat' dir='ltr'><strong>omnia</strong></span> <span class='ocrx_word' id='word_1_246' title='bbox 2373 1969 2659 2035; x_wconf 77' lang='lat' dir='ltr'><strong>scripsisses</strong></span> 
     </span>
     <span class='ocr_line' id='line_1_24' title="bbox 394 2035 2660 2105; baseline -0.001 -19"><span class='ocrx_word' id='word_1_247' title='bbox 394 2037 822 2105; x_wconf 88' lang='lat' dir='ltr'><strong>quemadmodum</strong></span> <span class='ocrx_word' id='word_1_248' title='bbox 858 2037 1017 2084; x_wconf 88' lang='lat' dir='ltr'><strong>multa</strong></span> <span class='ocrx_word' id='word_1_249' title='bbox 1048 2038 1100 2084; x_wconf 92' lang='lat' dir='ltr'><strong>in</strong></span> <span class='ocrx_word' id='word_1_250' title='bbox 1136 2035 1392 2096; x_wconf 90' lang='lat' dir='ltr'><strong>Secundo,</strong></span> <span class='ocrx_word' id='word_1_251' title='bbox 1439 2037 1652 2100; x_wconf 78' lang='lat' dir='ltr'><strong>Quarto,</strong></span> <span class='ocrx_word' id='word_1_252' title='bbox 1698 2048 1751 2088; x_wconf 90' lang='lat' dir='ltr'><strong>et</strong></span> <span class='ocrx_word' id='word_1_253' title='bbox 1792 2041 1952 2088; x_wconf 90' lang='lat' dir='ltr'><strong>Sexto</strong></span> <span class='ocrx_word' id='word_1_254' title='bbox 1993 2040 2183 2089; x_wconf 85' lang='lat' dir='ltr'><strong>Libris!</strong></span> <span class='ocrx_word' id='word_1_255' title='bbox 2242 2041 2310 2089; x_wconf 87' lang='lat' dir='ltr'><strong>Et</strong></span> <span class='ocrx_word' id='word_1_256' title='bbox 2354 2047 2410 2088; x_wconf 86' lang='lat' dir='ltr'><strong>tu</strong></span> <span class='ocrx_word' id='word_1_257' title='bbox 2453 2035 2660 2104; x_wconf 87' lang='lat' dir='ltr'><strong>quidem</strong></span> 
     </span>
     <span class='ocr_line' id='line_1_25' title="bbox 395 2106 2660 2173; baseline -0.003 -17"><span class='ocrx_word' id='word_1_258' title='bbox 395 2110 465 2156; x_wconf 88' lang='lat' dir='ltr'><strong>sic</strong></span> <span class='ocrx_word' id='word_1_259' title='bbox 502 2108 674 2155; x_wconf 89' lang='lat' dir='ltr'><strong>omnia</strong></span> <span class='ocrx_word' id='word_1_260' title='bbox 708 2106 1023 2170; x_wconf 88' lang='lat' dir='ltr'><strong>scripsisses,</strong></span> <span class='ocrx_word' id='word_1_261' title='bbox 1069 2107 1112 2153; x_wconf 92' lang='lat' dir='ltr'><strong>si</strong></span> <span class='ocrx_word' id='word_1_262' title='bbox 1149 2106 1242 2152; x_wconf 86' lang='lat' dir='ltr'><strong>tibi</strong></span> <span class='ocrx_word' id='word_1_263' title='bbox 1275 2108 1627 2170; x_wconf 89' lang='lat' dir='ltr'><strong>permisissent</strong></span> <span class='ocrx_word' id='word_1_264' title='bbox 1661 2109 1884 2173; x_wconf 90' lang='lat' dir='ltr'><strong>Tempus</strong></span> <span class='ocrx_word' id='word_1_265' title='bbox 1920 2115 1973 2156; x_wconf 89' lang='lat' dir='ltr'><strong>et</strong></span> <span class='ocrx_word' id='word_1_266' title='bbox 2006 2110 2138 2157; x_wconf 90' lang='lat' dir='ltr'><strong>male</strong></span> <span class='ocrx_word' id='word_1_267' title='bbox 2185 2109 2354 2159; x_wconf 87' lang='lat' dir='ltr'><strong>feriati</strong></span> <span class='ocrx_word' id='word_1_268' title='bbox 2387 2107 2660 2156; x_wconf 85' lang='lat' dir='ltr'><strong>Homines:</strong></span> 
     </span>
    </p>
   </div>
   <div class='ocr_carea' id='block_1_3' title="bbox 396 2173 2665 2310">
    <p class='ocr_par' dir='ltr' id='par_1_4' title="bbox 396 2173 2665 2310">
     <span class='ocr_line' id='line_1_26' title="bbox 397 2173 2665 2239; baseline -0.003 -15"><span class='ocrx_word' id='word_1_269' title='bbox 397 2176 488 2224; x_wconf 89' lang='lat' dir='ltr'><strong>sed</strong></span> <span class='ocrx_word' id='word_1_270' title='bbox 516 2191 649 2223; x_wconf 91' lang='lat' dir='ltr'><strong>nunc</strong></span> <span class='ocrx_word' id='word_1_271' title='bbox 675 2189 793 2239; x_wconf 92' lang='lat' dir='ltr'><strong>pars</strong></span> <span class='ocrx_word' id='word_1_272' title='bbox 829 2175 1043 2222; x_wconf 86' lang='lat' dir='ltr'><strong>minima</strong></span> <span class='ocrx_word' id='word_1_273' title='bbox 1074 2189 1129 2220; x_wconf 88' lang='lat' dir='ltr'><strong>es</strong></span> <span class='ocrx_word' id='word_1_274' title='bbox 1165 2174 1276 2237; x_wconf 91' lang='lat' dir='ltr'><strong>lpse</strong></span> <span class='ocrx_word' id='word_1_275' title='bbox 1315 2174 1434 2222; x_wconf 76' lang='lat' dir='ltr'><strong>Tui.</strong></span> <span class='ocrx_word' id='word_1_276' title='bbox 1469 2175 1619 2236; x_wconf 90' lang='lat' dir='ltr'><strong>Vale,</strong></span> <span class='ocrx_word' id='word_1_277' title='bbox 1663 2177 1870 2236; x_wconf 88' lang='lat' dir='ltr'><strong>Lector,</strong></span> <span class='ocrx_word' id='word_1_278' title='bbox 1907 2185 1989 2236; x_wconf 88' lang='lat' dir='ltr'><strong>et,</strong></span> <span class='ocrx_word' id='word_1_279' title='bbox 2023 2178 2067 2225; x_wconf 91' lang='lat' dir='ltr'><strong>si</strong></span> <span class='ocrx_word' id='word_1_280' title='bbox 2099 2179 2267 2226; x_wconf 90' lang='lat' dir='ltr'><strong>minus</strong></span> <span class='ocrx_word' id='word_1_281' title='bbox 2309 2184 2447 2227; x_wconf 87' lang='lat' dir='ltr'><strong>recte</strong></span> <span class='ocrx_word' id='word_1_282' title='bbox 2484 2175 2547 2222; x_wconf 93' lang='lat' dir='ltr'><strong>de</strong></span> <span class='ocrx_word' id='word_1_283' title='bbox 2583 2173 2665 2219; x_wconf 87' lang='lat' dir='ltr'><strong>his</strong></span> 
     </span>
     <span class='ocr_line' id='line_1_27' title="bbox 396 2242 2436 2310; baseline -0.001 -18"><span class='ocrx_word' id='word_1_284' title='bbox 396 2245 546 2293; x_wconf 87' lang='lat' dir='ltr'><strong>rebus</strong></span> <span class='ocrx_word' id='word_1_285' title='bbox 584 2245 816 2302; x_wconf 89' lang='lat' dir='ltr'><strong>sentiam,</strong></span> <span class='ocrx_word' id='word_1_286' title='bbox 854 2243 1033 2290; x_wconf 87' lang='lat' dir='ltr'><strong>doce-re</strong></span> <span class='ocrx_word' id='word_1_287' title='bbox 1073 2258 1155 2290; x_wconf 91' lang='lat' dir='ltr'><strong>me</strong></span> <span class='ocrx_word' id='word_1_288' title='bbox 1191 2242 1276 2291; x_wconf 88' lang='lat' dir='ltr'><strong>vel</strong></span> <span class='ocrx_word' id='word_1_289' title='bbox 1310 2243 1631 2305; x_wconf 83' lang='lat' dir='ltr'><strong>redarguere,</strong></span> <span class='ocrx_word' id='word_1_290' title='bbox 1668 2248 1711 2294; x_wconf 90' lang='lat' dir='ltr'><strong>si</strong></span> <span class='ocrx_word' id='word_1_291' title='bbox 1748 2248 1877 2294; x_wconf 87' lang='lat' dir='ltr'><strong>tanti</strong></span> <span class='ocrx_word' id='word_1_292' title='bbox 1912 2249 1997 2304; x_wconf 84' lang='lat' dir='ltr'><strong>sit,</strong></span> <span class='ocrx_word' id='word_1_293' title='bbox 2030 2260 2095 2293; x_wconf 90' lang='lat' dir='ltr'><strong>ne</strong></span> <span class='ocrx_word' id='word_1_294' title='bbox 2133 2246 2436 2310; x_wconf 84' lang='lat' dir='ltr'><strong>dedigneris.</strong></span> 
     </span>
    </p>
   </div>
   <div class='ocr_carea' id='block_1_4' title="bbox 2775 0 2892 2147">
    <p class='ocr_par' dir='ltr' id='par_1_5' title="bbox 2775 0 2892 2147">
     <span class='ocr_line' id='line_1_28' title="bbox 2775 0 2892 2147; baseline 0 0"><span class='ocrx_word' id='word_1_295' title='bbox 2775 0 2892 2147; x_wconf 95' lang='lat' dir='ltr'><strong> </strong></span> 
     </span>
    </p>
   </div>
  </div>
 </body>
</html>
