2892 3840
1281 733 1329 798 Ι.

769 909 1058 975 EQUUS
1102 910 1323 966 MAX.
1368 905 1875 965 DOMITIANI.

198 1063 383 1141 QUAE
420 1074 806 1141 superimposito
837 1073 996 1120 moles
1034 1074 1285 1134 geminata
1313 1071 1503 1118 colosso

197 1169 308 1217 Stat
331 1168 534 1215 Latium
568 1162 833 1226 complexa
867 1163 1063 1209 forum?
1101 1160 1317 1210 Caelone
1342 1167 1601 1224 peractum

195 1257 372 1304 Fluxit
401 1254 560 1319 opus?
595 1252 772 1300 Siculis
806 1267 872 1299 an
904 1252 1215 1299 conformata
1250 1250 1457 1298 caminis

194 1346 421 1409 Effigies,
467 1344 656 1390 lassum
689 1340 952 1404 Steropem
982 1341 1317 1404 Brontemque
1352 1338 1580 1403 reliquit?

196 1435 279 1483 An
312 1442 362 1482 te
395 1432 647 1482 Palladiae
683 1430 835 1478 talem
854 1465 867 1488 ,
897 1430 1218 1501 Germanice,
1246 1429 1391 1477 nobis
2414 1418 2442 1461 5

197 1524 451 1572 Effinxere
481 1536 687 1578 manus,
725 1520 921 1583 qualem
949 1519 1101 1567 modo
1132 1520 1273 1567 frena
1303 1526 1560 1566 tenentem

198 1614 400 1661 Rhenus
434 1619 485 1659 et
521 1611 723 1658 attoniti
753 1610 887 1659 vidit
921 1610 1101 1657 domus
1133 1609 1290 1658 ardua
1323 1609 1482 1657 Dacis!

198 1702 340 1752 Nunc
374 1718 464 1764 age
483 1735 496 1759 ,
533 1701 670 1748 fama
703 1701 839 1764 prior
871 1707 1048 1747 notum
1088 1714 1179 1762 per
1211 1699 1409 1746 saecula
1441 1711 1627 1744 nomen

199 1790 445 1839 Dardanii
475 1791 685 1838 miretur
718 1790 855 1852 equi,
892 1790 970 1836 cui
1001 1790 1190 1838 vertice
1226 1803 1365 1836 sacro

200 1881 521 1942 Dindymon,
569 1887 620 1926 et
653 1879 812 1927 caesis
845 1877 1070 1926 decrevit
1100 1878 1362 1926 frondibus
1395 1877 1507 1924 Ida:
2118 1905 2121 1911 -
2385 1866 2449 1910 10

200 1970 346 2018 Hunc
374 1985 536 2034 neque
567 1969 745 2017 divisis
781 1968 1029 2031 cepissent
1060 1968 1303 2030 Pergama
1337 1968 1510 2023 muris,

201 2059 306 2108 Nec
334 2075 479 2122 grege
513 2059 770 2122 permixto
800 2057 945 2121 pueri
974 2057 1312 2120 innuptaeque
1344 2056 1557 2120 puellae,

203 2149 315 2213 Ipse
341 2164 435 2196 nec
464 2148 692 2207 Aeneas,
728 2161 820 2193 nec
850 2159 1060 2207 magnus
1093 2145 1298 2192 duceret
1324 2145 1523 2191 Hector.

203 2237 376 2295 Adde,
409 2236 542 2300 quod
574 2237 658 2283 ille
693 2250 905 2292 nocens,
941 2249 1218 2296 saevosque
1255 2235 1522 2297 amplexus
1558 2231 1801 2286 Achivos3

202 2325 348 2373 Hunc
380 2326 518 2372 mitis
553 2323 871 2369 commendat
903 2337 1080 2385 eques:
1111 2324 1260 2384 juvat
1289 2339 1377 2371 ora
1412 2324 1541 2370 tueri
2386 2313 2447 2357 10

203 2416 370 2464 Mixta
398 2413 533 2460 notis
569 2413 715 2469 belli,
748 2411 1094 2475 placidamque
1131 2413 1354 2473 gerentia
1387 2427 1575 2475 pacem.

203 2504 308 2553 Nec
341 2503 475 2553 veris
507 2503 699 2564 maJ'ora
733 2509 906 2565 putes3
944 2516 1036 2564 par
1070 2500 1234 2547 forma
1263 2500 1524 2564 decorque,

204 2593 300 2641 Par
325 2593 509 2651 honor3
556 2592 818 2639 exhaustis
848 2590 1063 2638 Martem
1098 2606 1201 2638 non
1234 2591 1382 2638 altius
1420 2590 1571 2637 armis

208 2681 461 2729 Bistonius
492 2688 661 2743 portat
690 2682 919 2743 sonipes,
953 2696 1231 2745 magnoque
1262 2679 1487 2744 superbit

208 2768 459 2827 Pondere3
488 2783 580 2815 nec
609 2771 752 2818 tardo
778 2778 952 2832 raptus
987 2785 1141 2834 prope
1176 2771 1384 2818 flumina
1420 2784 1566 2817 cursu
2376 2760 2445 2804 20

206 2859 415 2914 Fumat,
453 2864 504 2903 et
533 2859 723 2919 ingenti
754 2860 988 2922 propellit
1020 2860 1291 2921 Strymona
1325 2862 1460 2909 flatu.

206 2948 303 2995 Par
340 2947 480 3011 operi
512 2945 826 2993 sedesz'hinc
856 2947 1006 2995 obvia
1036 2948 1212 2998 limina
1242 2950 1421 3014 pandit

299 3161 338 3190 v.
371 3162 423 3190 11.
447 3158 544 3197 Vulg-
567 3164 735 3189 mscrssrs
763 3164 988 3189 col-:PisSENT-
1055 3159 1126 3197 [18.
1154 3165 1303 3197 Αιτῐσες
1333 3158 1398 3190 hoc
1431 3164 1474 3188 ex
1509 3153 1631 3187 Markl.
1662 3153 1760 3193 jussu
1788 3151 1996 3192 recepimus,
2032 3157 2107 3180 eum
2131 3148 2231 3179 antea
2261 3147 2434 3187 legeretur

217 3223 385 3248 ammon.
408 3222 474 3246 ευ.
493 3217 576 3254 ΒΕ]
624 3217 679 3246 20.
701 3216 739 3246 L.
764 3223 897 3246 ’mx-ro.
945 3217 1001 3248 23.
1032 3216 1070 3247 L.
1096 3223 1206 3248 msus,
1228 3217 1306 3248 ibid.
1330 3217 1428 3256 Vulg.
1456 3219 1656 3246 ADSERTAE-

1608 3267 1708 3316 A2
