2892 3840
409 421 513 471 254

503 546 573 579 Est
598 548 634 579 in
659 551 758 579 nocte
779 549 901 582 timor,
925 554 991 575 non
1017 547 1072 574 est
1095 544 1130 572 in
1156 548 1255 574 nocte
1277 545 1460 582 periclum.

504 595 578 625 Nec
601 594 676 625 volo
702 594 913 624 contendas:
939 592 1057 620 vinces
1084 598 1160 620 cum
1186 592 1314 621 vicerit
1335 591 1404 621 ille.

412 642 464 672 Ita
495 641 594 671 etiam
630 641 776 670 citantur
807 637 838 667 hi
874 643 991 666 versus
1025 644 1046 665 a
1076 635 1200 667 Theod.
1225 638 1320 667 Jans.
1351 636 1498 667 Almelo-

413 686 536 717 veenio
574 687 608 716 in
642 685 812 723 Epigram.
841 685 873 712 et
900 683 1010 712 Poem.
1038 682 1127 712 Vett.
1152 683 1278 713 Mirum
1302 683 1414 714 neutri
1440 691 1498 714 eo-

411 743 486 764 rum
518 731 705 763 suboluisse
729 728 886 758 mendum
910 726 1157 766 apertissimum
1185 729 1219 760 in
1247 737 1350 760 versu
1374 729 1495 760 tertio:

411 779 588 819 legendum
612 783 743 814 nempe,

959 828 1023 849 nec
1046 820 1198 850 candida
1224 820 1346 851 laedas

499 868 671 907 Unguibus
697 875 762 896 ora
786 865 879 895 vide:

410 925 478 947 non
511 916 554 944 In
582 913 726 952 quibus:
774 910 863 949 quod
901 917 1034 940 sensum
1065 910 1194 941 nullum
1226 909 1338 941 habet.
1389 911 1495 948 [Vera

410 965 460 991 est
492 958 594 990 lectio
632 966 731 996 quam
763 956 816 987 hic
845 956 966 994 posui3
1009 958 1044 986 et
1067 956 1115 987 ita
1141 957 1273 987 censuit
1299 957 1494 988 Gronovius

407 1007 514 1037 Diatr.
540 1015 568 1035 c.
590 1003 716 1034 XXIX.
764 1002 979 1034 constructio
1004 1004 1075 1043 est,
1097 1005 1305 1045 proferetur
1331 1003 1492 1035 dulcibus

407 1052 576 1090 theatris,
619 1059 689 1080 non
722 1049 885 1090 ingratus
915 1048 1068 1079 dulcibus
1094 1049 1270 1081 theatris.-
1302 1049 1336 1079 id
1359 1052 1428 1090 est,
1455 1055 1493 1081 tu

402 1099 585 1139 proferes,
629 1095 805 1127 exhibebis
830 1094 969 1126 theatro
993 1097 1149 1134 poemata
1172 1096 1342 1126 Neronem
1364 1101 1398 1126 et
1428 1096 1492 1127 Or-

403 1145 507 1183 phea.
557 1144 608 1173 De
632 1143 735 1173 verbo
757 1143 924 1183 proferre
951 1141 1022 1172 dixi
1044 1141 1170 1180 aliquid
1198 1141 1232 1171 in
1257 1143 1333 1172 Not.
1358 1151 1390 1180 p.
1415 1145 1491 1175 304.

405 1190 460 1221 ubi
480 1189 594 1219 monui
612 1190 752 1219 verbum
763 1196 836 1218 esse
848 1185 1033 1225 artificum.
1058 1188 1178 1219 Cicero
1198 1187 1388 1219 Academic.
1403 1192 1444 1231 11,
1463 1194 1489 1222 l.

405 1237 446 1266 de
461 1235 708 1266 Themistocle:
738 1235 808 1272 Qui
821 1234 953 1274 quidem
969 1236 1074 1264 etiam
1090 1235 1277 1274 pollicenti
1297 1236 1434 1266 cuidam
1453 1246 1490 1268 se

405 1285 509 1314 artem
531 1285 566 1313 ci
585 1282 767 1318 memoriae
788 1289 876 1320 quae
894 1284 966 1310 tum
984 1282 1134 1319 primum
1148 1281 1395 1322 proferebatur,
1412 1287 1489 1313 tra-

404 1332 566 1368 diturum,
578 1328 800 1366 respondisse
820 1327 964 1367 dicitur,
983 1326 1146 1358 oblivisci
1164 1335 1201 1357 se
1222 1327 1323 1357 malle
1342 1328 1487 1359 discere.

404 1378 502 1408 Stare
537 1373 641 1413 igitur
670 1374 782 1413 potest
818 1380 937 1403 versus
975 1371 1032 1403 ille
1069 1373 1240 1414 Ingratus
1267 1374 1360 1404 Nero
1383 1376 1491 1405 dulci-

404 1424 466 1453 bus
497 1419 671 1459 theatri„
720 1419 799 1450 licet
825 1418 996 1457 epitheton
1023 1419 1179 1450 dulcibus
1204 1429 1274 1450 non
1305 1419 1412 1452 adhuc
1436 1421 1489 1451 ni-

402 1468 467 1499 mis
490 1466 650 1497 arrideat.
672 1466 800 1496 Auctor
825 1464 1093 1499 Vitaetucani:
1128 1466 1243 1496 PMMA
1267 1467 1399 1506 ingenii
1425 1476 1489 1498 ea·-

400 1516 600 1553 perimenta
641 1514 679 1543 in
712 1510 858 1541 Neronis
890 1510 1047 1541 laudibus
1081 1511 1191 1550 dedit,
1240 1513 1492 1552 quinquennali

406 1560 609 1591 certamine.
633 1557 685 1588 hic
711 1556 811 1587 tertio
836 1556 914 1587 loco
941 1555 1079 1595 ponitur
1104 1557 1209 1587 Nero.

449 1614 482 1635 v.
508 1606 562 1635 67.
610 1604 664 1634 ΕΤ
682 1603 821 1644 fulmen
848 1602 944 1633 duc-Is
969 1604 1062 1632 inter
1083 1611 1186 1632 arma
1215 1601 1321 1641 Divi]
1368 1605 1486 1634 Vener.

406 1653 440 1682 et
461 1653 571 1681 Parni.
606 1657 675 1685 Quo
699 1649 846 1690 fulmen.
895 1647 1053 1686 Scripsit:
1099 1655 1196 1684 quon
1215 1649 1356 1689 fulmen
1385 1651 1486 1681 ducis

404 1701 500 1729 inter
522 1705 625 1726 arma
647 1693 757 1726 Dici:
778 1694 810 1724 id
834 1695 904 1735 est,
931 1694 1033 1733 quale
1063 1695 1116 1724 vel
1140 1698 1305 1734 quantum
1322 1696 1486 1736 fulmen;

402 1746 442 1774 ut
467 1742 590 1783 passim
614 1741 665 1772 his
692 1739 804 1772 Silvis.
851 1740 939 1771 Dux
966 1741 1081 1771 Divus
1105 1740 1310 1780 emphatice,
1351 1744 1401 1772 est
1427 1744 1488 1773 Ju-

399 1789 466 1820 lius
489 1791 634 1824 caesar,
665 1789 782 1825 utpote
807 1785 863 1823 qui

491 1835 631 1864 Primus
658 1835 727 1864 iter
754 1834 884 1862 nostris
912 1832 1058 1863 ostendit
1085 1833 1121 1861 in
1142 1830 1290 1862 aethera
1314 1832 1441 1869 Divis;

401 1882 439 1911 ut
475 1881 516 1912 de
554 1888 594 1910 eo
630 1878 757 1910 Statius
793 1878 856 1916 Eq.
888 1879 982 1907 Max.
1008 1886 1041 1906 v.
1066 1878 1121 1907 24.
1169 1878 1283 1918 Infra,
1309 1886 1397 1908 vers.
1433 1879 1487 1908 82.

401 1934 465 1965 pro
506 1925 620 1957 taedis
665 1923 862 1966 genialibus
895 1924 980 1953 Ven.
1015 1922 1250 1963 genitalz'bus;
1300 1927 1334 1954 et
1367 1924 1414 1954 ita
1445 1924 1488 1954 ad

397 1973 498 2002 tinem
526 1971 695 2010 Eclogae,
738 1979 801 2008 pro
831 1970 986 2010 genialis
1025 1970 1120 2009 origo
1153 1969 1269 1999 eadem
1296 1970 1486 2010 genitalz's;

399 2021 512 2049 recte:
543 2019 576 2047 et
602 2017 650 2048 ita
677 2015 858 2046 edideram.
892 2015 949 2045 Ex
971 2016 1082 2054 Ana]

444 2073 476 2094 v.
501 2065 556 2095 70.
654 2063 704 2093 Tu
731 2062 915 2093 Pelusiaci
939 2057 1050 2092 sce-'us
1075 2059 1232 2098 Canopi]
1258 2060 1486 2096 Quintilianus

399 2109 505 2141 Instit.
530 2111 566 2150 1,
600 2110 631 2141 5.
659 2109 700 2139 de
730 2107 963 2139 Barbarismo:
994 2107 1064 2137 Sed
1083 2108 1119 2137 in
1139 2116 1252 2145 prosa
1278 2117 1407 2148 quoque
1433 2114 1490 2140 est

399 2157 566 2197 quaedam
586 2154 664 2193 jam
688 2161 831 2194 recepta
854 2155 1069 2184 immutatio:
1115 2162 1196 2182 nam
1225 2154 1341 2183 Cicero
1367 2157 1487 2186 (fixo--

397 2209 561 2232 Piranum
587 2202 778 2231 erere-itum
802 2201 907 2240 dicit,
934 2201 1007 2239 ipsi
1029 2201 1199 2229 CAs‘onoN
1226 2204 1365 2230 vocant.
1411 2203 1489 2232 Ser-

398 2249 474 2278 vius
496 2247 553 2277 *ad
588 2246 706 2285 virgil.
739 2247 863 2285 Georg.
896 2248 962 2285 lv,
1003 2246 1082 2276 285.
1135 2246 1289 2277 PELLAffl
1335 2248 1486 2288 CANorl]

399 2297 566 2325 canorus
600 2298 716 2324 autem
753 2294 852 2323 dicta
875 2296 930 2323 est
960 2293 1064 2331 quasi
1094 2292 1281 2332 canonos,
1323 2303 1347 2322 a
1370 2296 1487 2325 (3.4κο-

399 2348 444 2372 Ro
475 2339 630 2370 Menelai
653 2340 884 2380 gubernatore
915 2338 987 2368 illic
1024 2338 1169 2376 sepulto.
1227 2339 1492 2374 ΚΑΝΩΒΟΝ

399 2387 497 2418 etiam
533 2394 603 2415 non
634 2385 903 2416 KANJZIION
933 2393 1064 2422 semper
1094 2383 1241 2422 appellat
1274 2386 1396 2417 Strabo
1419 2387 1486 2417 Ge-

399 2441 471 2471 ogr.
498 2430 555 2462 lib.
581 2432 686 2462 XVII.
711 2440 744 2469 p.
774 2432 852 2471 550,
881 2431 955 2460 551.
1004 2430 1070 2461 Sed
1102 2430 1184 2459 nihil
1208 2431 1414 2462 mutandum.

443 2487 474 2508 v.
505 2479 561 2508 77.
655 2476 706 2506 Et
751 2478 812 2515 qui
842 2484 909 2516 per
934 2477 1039 2518 freta
1073 2483 1190 2506 nuxrr
1226 2476 1483 2519 Argonautas]

397 2523 576 2563 Sequitur,
622 2522 668 2554 Et
694 2524 756 2562 qui
778 2531 927 2562 corpora
946 2525 1068 2561 prima
1092 2530 1391 2556 TRANSFIGURAT:
1430 2525 1484 2556 hic

395 2571 498 2610 igitur
522 2571 598 2609 lege
626 2576 734 2600 DUClT
762 2568 1001 2609 Argonautas.
1370 2591 1373 2594 ,

442 2626 473 2647 v.
500 2615 555 2646 83.
629 2616 778 2646 Doctum
802 2619 907 2654 atque
930 2615 1064 2654 ingenio
1089 2621 1161 2645 'ruo
1188 2615 1376 2656 decoram]
1404 2617 1479 2647 Pol-

394 2664 429 2693 la
467 2662 599 2700 quidem
636 2663 732 2692 Uxor
756 2660 884 2691 Lucani
913 2662 1041 2691 decora
1065 2668 1122 2690 seu
1151 2661 1319 2692 decorata
1341 2662 1403 2692 fuit
1429 2663 1482 2693 in-

396 2708 498 2748 genio
534 2707 666 2748 mariti,
710 2708 828 2744 utpote
860 2706 917 2744 qui
940 2707 1080 2737 titulum
1103 2707 1275 2746 decusque
1294 2707 1344 2737 illi
1371 2710 1485 2740 dedis-

396 2760 452 2786 set
477 2753 638 2792 jucunda
673 2753 906 2788 allocutione,
950 2754 986 2782 ut
1017 2761 1119 2789 supra
1144 2761 1176 2782 v.
1203 2754 1260 2783 62.
1286 2754 1345 2783 sed
1375 2755 1482 2793 majus

396 2800 555 2840 quiddam
581 2799 635 2830 hic
656 2798 766 2830 voluit
790 2799 967 2838 Calliope,
991 2806 1113 2836 nempe

499 2846 651 2877 Doctum
675 2850 780 2885 atquc
805 2846 939 2885 iugenio
973 2850 1039 2873 suo
1064 2844 1241 2882 decoram5

393 2891 533 2930 majoris
565 2891 688 2931 quippe
720 2890 848 2931 gloriae
882 2891 932 2920 est
970 2896 1037 2920 suo
1077 2899 1176 2928 quam
1212 2888 1323 2920 alieno
1346 2888 1482 2929 ingenio

396 2948 556 2969 eminere.

442 2993 474 3014 v.
499 2987 553 3015 85.
625 2981 773 3018 Forma,
813 2981 1056 3021 simplicitate,
1081 2982 1252 3020 comitate,

489 3030 623 3068 Censu,
672 3031 868 3069 sanguine,
914 3030 1059 3068 gratia,
1103 3028 1248 3066 decore]
1293 3027 1344 3056 De
1381 3035 1484 3058 versu

396 3072 509 3110 priore
544 3075 640 3105 notat
677 3074 880 3105 Gevartius:
927 3076 1086 3114 „Versus
1113 3073 1167 3104 hie
1202 3073 1346 3104 trivialis
1372 3076 1404 3104 et
1427 3073 1482 3103 in-

395 3118 552 3158 „sitltius
589 3130 607 3150 e
630 3121 782 3159 margine
808 3120 944 3151 videtur
969 3119 1171 3159 irrepsisse,
1218 3121 1260 3150 ob
1288 3119 1481 3152 similitudi-

397 3171 503 3202 „nem
527 3165 715 3206 sequentis,
762 3166 817 3205 qui
844 3166 916 3196 sine
950 3166 1051 3197 dubio
1075 3166 1248 3198 Statianus
1273 3166 1369 3197 est.“
1416 3167 1481 3196 As-

398 3208 526 3239 sentior
562 3210 602 3239 de
638 3211 766 3248 prim03
813 3213 848 3241 et
880 3211 968 3242 idem
1004 3212 1106 3242 etiam
1136 3221 1259 3243 censeo
1285 3212 1326 3242 de
1350 3213 1479 3250 alter03

396 3262 516 3293 nempe
548 3255 703 3286 neutrum
736 3256 835 3288 Statii
867 3265 960 3298 esse,
1006 3258 1063 3288 sed
1090 3258 1189 3289 faceti
1215 3258 1378 3299 alicujus,
1423 3258 1478 3297 qui

1262 418 1449 466 NOTAE
1477 431 1546 468 AD
1573 420 1677 468 Lm.
1714 420 1769 467 Il.
1803 425 1847 468 7.

2522 447 2650 496 9125

1567 554 1628 584 per
1658 546 1769 576 lusum
1804 545 1934 576 duobus
1968 547 2148 580 versiculis
2179 559 2223 583 ex
2251 552 2390 594 singulis
2413 556 2527 588 verbis
2559 567 2650 588 com-

1566 590 1674 631 pactis
1708 591 1836 623 Pollam
1869 594 2017 624 nostram
2051 595 2203 628 omnibus
2227 600 2410 638 praeclaris
2433 601 2566 635 dotibus
2591 613 2649 634 or-

1566 646 1650 669 nare
1682 639 1716 668 et
1749 637 1844 678 quasi
1881 640 2056 678 cooperire
2089 642 2204 674 voluit.
2241 646 2276 674 et
2311 645 2352 676 de
2383 647 2490 686 primo
2516 649 2651 688 quidem

1567 688 1696 716 certum
1721 687 1793 722 est3
1831 683 1859 715 si
1887 685 1975 716 enim
1999 686 2177 730 admittas,
2211 698 2285 720 cum
2309 691 2491 736 Germ-tio,
2529 705 2650 732 censu,

1566 731 1757 771 sanguine,
1793 738 1928 762 casm
1945 754 1953 770 ,
1990 741 2154 772 oscorum
2189 735 2260 765 tum
2283 738 2375 768 certe
2394 745 2516 771 ronna
2538 742 2652 774 locum

1565 777 1713 816 habere,
1760 776 1825 806 nisi
1869 786 1997 809 summa
2033 789 2108 810 cum
2141 782 2371 824 ταυτολογίᾳ,
2424 793 2495 816 non
2529 790 2650 826 potest.

1566 823 1609 854 ad
1651 823 1738 853 hunc
1773 821 1877 862 igitur
1910 825 2045 855 modum
2077 825 2251 866 paulisper
2274 836 2349 859 cum
2375 828 2450 861 viro
2475 831 2574 864 docto
2601 834 2651 865 lo-

1566 878 1642 900 cum
1668 867 1910 909 concipiamus,

1701 915 1852 945 Doctum
1874 920 1976 956 atque
2000 917 2138 957 ingenio
2162 926 2224 948 ¹ruo
2251 919 2434 959 macomus,

1703 961 1849 999 Qualem
1879 962 2010 992 blanda
2039 963 2153 994 Venus
2178 965 2347 1005 daretque
2368 966 2462 998 Juuo

1703 1007 1836 1048 Censu,
1860 1010 2049 1049 sanguine,
2070 1011 2212 1050 gratia,
2236 1018 2393 1043 DECORE:

1563 1052 1619 1083 ubi
1652 1052 1796 1093 primum
1832 1053 1941 1084 oeulis
1974 1054 2117 1086 incurrit
2153 1055 2274 1087 inscita
2307 1058 2466 1096 repetitio
2490 1059 2650 1090 decorant

1564 1100 1597 1128 et
1620 1099 1755 1130 decore.
1781 1099 1926 1141 Deinde,
1949 1101 2252 1134 Grammaticorum
2278 1102 2364 1134 filios
2391 1104 2648 1145 interrogarem,

1562 1153 1666 1183 quare
1700 1145 1733 1175 in
1770 1146 1926 1177 Ablativo
1960 1155 2037 1177 casu
2073 1148 2156 1179 haec
2181 1149 2437 1192 concipiantur,
2479 1153 2514 1182 et
2537 1160 2559 1182 a
2582 1159 2650 1189 quo

1561 1193 1666 1222 verbo
1694 1194 1868 1231 regantur.
1916 1193 2023 1224 Porro
2039 1214 2051 1230 ‚
2097 1203 2245 1236 quaero,
2292 1205 2456 1234 quaenam
2483 1197 2527 1228 sit
2551 1196 2649 1234 diffc-

1559 1238 1670 1269 rentia
1701 1237 1789 1269 inter
1813 1241 1966 1279 gruttam
1993 1242 2027 1270 et
2049 1239 2213 1272 decorem.
2259 1242 2364 1273 Aufer
2388 1243 2501 1282 itaque
2528 1250 2648 1274 versus

1558 1284 1647 1314 male
1680 1286 1800 1323 natos,
1848 1286 1882 1314 et
1914 1285 1987 1315 sine
2025 1285 2143 1324 quibus
2181 1286 2306 1326 optime
2329 1289 2483 1327 procedit
2505 1297 2645 1326 seusun

1560 1332 1594 1360 et
1621 1330 1809 1361 Monachus
1834 1338 1931 1362 suam
1958 1330 2120 1362 Gratiam
2144 1332 2208 1364 sibi
2236 1333 2368 1365 habeat.

1603 1395 1634 1416 v.
1667 1388 1723 1417 88.
1790 1387 1920 1418 FESTls
1964 1389 2127 1419 cantibus
2162 1390 2243 1428 ipsa
2275 1391 2500 1430 personabo]
2557 1391 2647 1429 Lege

1557 1433 1713 1464 FALS'rls
1740 1434 1929 1473 cantibus,-
1964 1434 2086 1473 quippe
2124 1435 2235 1465 statim
2261 1436 2414 1474 sequitur
2442 1442 2556 1467 FESTA
2579 1436 2660 1466 lom.

1555 1488 1613 1519 ga.
1643 1480 1787 1520 faustis
1819 1488 1902 1510 vero
1933 1480 2106 1519 proprium
2139 1480 2174 1511 in
2203 1481 2265 1512 hac
2290 1491 2327 1513 re
2354 1483 2502 1513 verbum.
2548 1482 2649 1513 Clau-

1558 1524 1678 1556 dianus
1704 1525 1851 1563 Epithal.
1876 1525 1960 1556 Pan.
1987 1529 2020 1556 et
2043 1527 2152 1558 Celer.
2179 1535 2211 1557 v.
2237 1528 2294 1558 22.

1652 1572 1733 1600 Cum
1760 1572 1872 1602 subito
1901 1573 2023 1603 varius
2047 1574 2165 1603 vicina
2189 1573 2321 1604 clamor
2345 1573 2389 1604 ab
2412 1573 2496 1604 urbe

1648 1616 1699 1646 Et
1720 1616 1819 1648 fausti
1839 1616 2006 1655 juvenum
2030 1618 2185 1656 plausus,
2209 1620 2401 1659 mistaeque
2424 1618 2560 1649 choreis

1647 1662 1800 1693 Auditae
1822 1672 1890 1700 per
1913 1671 2002 1694 rura
2025 1665 2137 1704 lyrae.

1557 1706 1648 1738 Idem
1680 1709 1721 1738 de
1746 1710 1846 1746 Nupt.
1869 1710 1997 1740 Honor.
2024 1714 2059 1741 et
2082 1712 2169 1741 Mar.
2195 1718 2226 1739 v.
2255 1709 2330 1741 195.

1648 1753 1675 1796 9
1685 1754 1786 1785 Tibia
1808 1764 1876 1792 pro
1901 1755 2020 1796 lituis,
2051 1761 2087 1787 et
2107 1765 2176 1795 pro
2199 1755 2362 1796 clangore
2390 1755 2553 1786 tubarum

1649 1800 1754 1830 Molle
1778 1800 1878 1839 lyrae
1903 1801 2115 1840 faustumque
2140 1803 2274 1832 canant.

1556 1854 1613 1884 ubi
1638 1856 1766 1894 pariter
1793 1857 1867 1887 erat
1882 1858 2096 1898 festumque.
2143 1857 2229 1889 Vide
2256 1856 2432 1888 Heinsium
2455 1856 2499 1888 ad
2519 1857 2643 1888 locum.

1556 1901 1684 1932 Noster
1709 1902 1809 1933 Theb.
1835 1904 1896 1941 111,
1926 1905 2005 1935 691.

1645 1947 1708 1978 Ex
1743 1958 1808 1989 quo
1836 1949 1973 1986 primus
2010 1948 2172 1989 Hymen,
2214 1951 2390 1989 movitque
2422 1946 2569 1978 infausta
2595 1948 2643 1978 si·

1775 1997 1930 2026 nistram

1653 2038 1747 2070 Juno
1771 2041 1889 2072 facem.

1557 2083 1606 2112 Ob
1639 2086 1779 2117 eandem
1812 2086 1980 2118 rationem
2015 2095 2077 2124 pro
2111 2094 2220 2116 saeva
2258 2084 2333 2116 vice
2365 2093 2397 2115 v,
2421 2086 2476 2116 92.
2507 2084 2643 2116 mallem

1556 2128 1661 2161 laeva
1696 2132 1791 2173 vice,
1832 2134 1972 2172 propter
1996 2132 2257 2171 praecedentem
2293 2132 2320 2161 Ο
2345 2139 2476 2162 saevae
2499 2132 2643 2162 nimium

1557 2176 1621 2204 etc·
1654 2177 1732 2208 vide
1761 2178 1944 2210 Burmanni
1978 2179 2058 2209 Not.
2090 2181 2133 2208 ad
2169 2178 2242 2208 Val.
2272 2177 2385 2208 Flacc.
2418 2179 2446 2214 1,
2482 2177 2559 2209 370.
2583 2176 2643 2208 nbi

1555 2230 1619 2260 pro
1636 2225 1727 2266 face
1751 2234 1861 2256 saeva
1886 2223 2045 2256 Heinsius
2068 2223 2103 2254 in
2129 2226 2240 2256 oxon.
2265 2224 2347 2255 cod.
2372 2222 2504 2254 invenit
2527 2223 2641 2254 laeva.

1556 2267 1762 2302 Claudianus
1793 2272 1890 2312 ldyll.
1922 2273 1988 2310 VI,
2029 2272 2086 2302 91.
2122 2280 2187 2302 nec
2204 2278 2312 2315 ‘saevo
2339 2269 2456 2301 Sirius
2478 2271 2556 2310 igne
2577 2278 2640 2300 uo-

1559 2320 1636 2346 cet.-
1688 2317 1744 2348 ubi
1778 2316 2031 2356 quatuordecim
2061 2316 2139 2348 libri
2171 2316 2296 2348 habent
2326 2316 2444 2356 laevo,
2492 2315 2639 2346 tonante

1555 2360 1708 2412 Ideitisio.
1755 2363 1840 2395 Vide
1864 2363 2117 2395 Drakenborch.
2144 2363 2187 2394 ad
2214 2362 2274 2394 Sil.
2296 2361 2449 2392 Italicum
2470 2361 2512 2400 V,
2535 2361 2614 2391 660.

1602 2427 1633 2449 v.
1661 2421 1718 2451 96.
1766 2420 1830 2453 Sic
1849 2419 1970 2460 fixum
2001 2421 2144 2452 Paridis
2179 2427 2285 2450 manu
2313 2417 2504 2456 trementis]
2529 2417 2638 2448 Aures

1556 2465 1697 2504 exigunt
1720 2470 1883 2499 trementi
1901 2476 2025 2504 manu,
2067 2466 2103 2496 id
2129 2466 2199 2505 est,
2240 2463 2397 2503 trepida:
2441 2464 2505 2494 hoc
2531 2463 2637 2494 multo

1554 2512 1692 2543 suavius
1711 2522 1809 2551 quam
1832 2514 1975 2545 Paridis
1999 2513 2188 2543 trementis.
2212 2511 2341 2542 Seneca
2364 2509 2485 2542 Troad.
2512 2516 2543 2541 v.
2557 2510 2637 2541 957.

1921 2561 1949 2589 0
1973 2567 2112 2589 manum
2135 2557 2277 2587 Paridis
2299 2553 2428 2586 levem!

1551 2613 1641 2644 Edit.
1669 2615 1779 2646 Parm.
1803 2615 1902 2646 habet
1924 2617 2138 2652 premenm:
2180 2613 2349 2653 Romana,
2381 2614 2562 2652 potentis:
2603 2613 2638 2643 et

1551 2661 1666 2690 obruit
1697 2670 1761 2699 pro
1795 2661 1945 2692 horruit.
1991 2662 2074 2691 Mox
2101 2669 2134 2690 v.
2162 2661 2237 2690 110.
2272 2659 2403 2689 Terras
2428 2659 2579 2698 despici·
2602 2664 2640 2691 et

1552 2706 1716 2744 sepulcra
1752 2708 1870 2738 rides.-
1903 2706 2023 2737 alludit
2058 2705 2100 2737 ad
2123 2706 2228 2736 verba
2250 2704 2355 2743 ipsius
2383 2705 2514 2736 Lucani
2535 2703 2636 2736 initio

1551 2751 1624 2782 Lib.
1656 2752 1715 2782 IX.
1750 2753 1792 2783 de
1816 2752 1985 2792 Pompeio.
2031 2751 2212 2791 Sequitur,
2255 2751 2324 2782 Seu
2342 2752 2447 2790 pacis
2473 2752 2638 2782 meritum

1550 2805 1669 2828 nemus
1705 2799 1877 2830 reclusae.
1931 2797 2091 2828 Heinsius
2111 2798 2257 2828 malebat
2276 2799 2405 2837 paucis
2429 2797 2465 2828 et
2491 2795 2634 2828 reclude·-

1552 2844 1722 2883 vulgatam
1754 2845 1879 2884 optime
1910 2845 2025 2875 tuetur
2057 2843 2249 2875 Gronovius
2272 2843 2383 2875 Diatr.
2410 2853 2439 2874 e.
2465 2842 2575 2874 XXH.
2600 2842 2637 2873 e't

1552 2889 1718 2930 explicat,
1770 2893 1873 2932 „Seu
1915 2892 2010 2921 tenes
2039 2892 2176 2922 beatum
2207 2889 2243 2920 in
2278 2889 2411 2930 Campis
2442 2887 2568 2929 Elysiis
2599 2889 2635 2918 et

1552 2937 1670 2976 „bene
1709 2937 1865 2968 meritum
1907 2946 2025 2967 nemus
2067 2936 2208 2977 quietis,
2261 2945 2359 2975 quam
2399 2933 2551 2978 (voluit,
2595 2941 2634 2963 ο-

1552 2982 1705 3023 „pinor,
1758 2985 1868 3023 quod,
1921 2992 1967 3014 sc.
2013 2985 2150 3019 nemus)
2183 2984 2220 3012 tu
2251 2981 2391 3012 inducto
2426 2981 2461 3010 et
2491 2978 2633 3011 reducto

1554 3028 1720 3068 „Orpheo
1760 3027 1975 3061 reclusisti.“
2039 3029 2130 3060 Nihil
2171 3027 2298 3059 verius.
2367 3023 2634 3066 [Aequieveram

1551 3074 1586 3104 in
1634 3075 1796 3106 Gronovii
1841 3073 2079 3115 explicatione.
2145 3074 2213 3106 Sed
2254 3073 2322 3104 iam
2371 3079 2446 3102 eum
2498 3069 2633 3101 videam

1551 3120 1761 3160 antiquiores
1807 3123 1892 3153 Ven.
1927 3123 2036 3153 Parm.
2074 3121 2109 3151 et
2143 3121 2236 3151 Rom.
2268 3126 2336 3149 uno
2371 3124 2540 3148 consensu
2583 3117 2634 3157 (et

1550 3167 1599 3198 ita
1632 3169 1705 3200 MS.
1741 3168 1892 3199 Florent.
1928 3169 2015 3198 teste
2057 3165 2190 3205 eodem)
2237 3164 2359 3195 habere
2385 3164 2528 3204 merito,
2571 3172 2632 3194 cur

1550 3213 1696 3244 dubitem
1735 3213 1815 3252 quin
1847 3214 1973 3246 Statius
1997 3213 2045 3244 ita
2069 3209 2264 3250 scripserit?
2306 3217 2367 3239 seu
2391 3213 2485 3240 tenes
2509 3217 2629 3240 nemus

1545 3262 1653 3299 pacis
1683 3260 1856 3291 reclusum
1870 3261 1992 3291 merito
2011 3259 2094 3299 tibi,
2118 3256 2311 3294 velmera‘to
2330 3259 2401 3286 tuo.
2441 3255 2498 3286 Ex
2516 3256 2626 3296 Ana]
