2892 3840
366 412 464 468 106
1060 420 1104 457 P.
1164 395 1561 459 ῬΑΡΙΝΗ
1603 402 1957 464 ἐςτᾼντιιι

334 557 336 559 ’
367 535 500 597 Quot
532 535 770 587 Tithonia
803 539 1058 599 computat
1091 539 1339 592 senectus,

362 627 431 676 Et
461 633 672 692 quantos
706 640 795 687 ego
825 623 1028 671 Delium
1061 622 1281 686 poposci.

363 714 562 767 Juravit
591 715 682 762 tibi
704 715 811 776 jam
841 711 1023 761 nivalis
1058 710 1260 770 Arctos;

362 805 507 861 Nunc
541 817 747 864 magnos
783 801 961 848 Oriens
998 800 1139 848 dabit
1171 798 1467 863 triumphos.

363 894 463 943 Ibis
494 909 590 959 qua
616 905 774 953 vagus
809 888 1078 948 Hercules,
1117 897 1168 937 et
1202 891 1365 946 Evan,

365 982 506 1034 Ultra
538 982 728 1038 sidera,
756 979 1142 1044 flammeumque
1173 979 1348 1037 solem,

364 1073 432 1121 Et
463 1072 565 1121 Nili
599 1077 772 1135 caput,
809 1075 861 1116 et
894 1071 1041 1119 nives
1074 1068 1321 1118 Atlantis:

363 1161 431 1208 Et
455 1160 660 1208 laudum
694 1159 891 1209 cumulo
926 1159 1103 1207 beatus
1134 1159 1274 1206 omni

362 1250 583 1299 scandes
620 1250 854 1311 belliger,
886 1249 1173 1314 abnuesque
1209 1262 1404 1296 currus:

363 1339 538 1388 Donec
567 1340 772 1388 Troicus
800 1340 956 1402 ignis,
988 1346 1040 1385 et
1070 1343 1279 1406 renatae

368 1429 612 1494 Tarpeius
642 1430 789 1478 Pater
817 1428 1068 1477 intonabit
1102 1429 1270 1487 aulae3

366 1518 506 1568 Haec
539 1518 698 1568 donec
730 1521 841 1577 via,
878 1527 928 1566 te
964 1525 1168 1581 regente
1198 1525 1374 1575 terras,

371 1608 577 1659 Annosa
607 1610 767 1672 magis
797 1608 965 1675 Appia
994 1614 1236 1656 senescat.

1449 1877 1528 1925 IV.

520 2014 694 2071 *AD
770 2010 1283 2070 VICTORIUM
1357 2012 1927 2073 MARCELLUM
2001 2011 2472 2072 EPISTOLA.

372 2245 620 2330 CURRE
649 2291 739 2340 per
773 2275 1023 2324 Euboicos
1047 2290 1151 2323 non
1183 2278 1375 2338 segnis,
1408 2277 1647 2341 epistola,
1679 2293 1907 2344 campos3

371 2367 479 2417 Hac
511 2372 738 2432 ingressa
766 2373 906 2430 vias,
935 2386 1032 2435 qua
1061 2371 1243 2419 nobilis
1276 2371 1443 2436 Appia
1484 2372 1660 2418 crescit

371 2459 428 2507 In
459 2460 617 2519 latus,
656 2468 708 2507 et
739 2461 914 2508 molles
948 2461 1138 2508 solidus
1173 2463 1360 2525 premit
1388 2477 1536 2524 agger
1571 2476 1762 2511 arenas.

371 2548 536 2614 Atque
568 2551 654 2598 ubi
686 2551 954 2598 Romuleas
992 2551 1150 2601 velox
1179 2552 1526 2615 penetraveris
1562 2566 1717 2610 arces,

375 2637 624 2686 Continuo
657 2640 864 2687 dextras
899 2641 1018 2689 flavi
1052 2647 1168 2704 pete
1204 2639 1440 2700 Tybridis
1476 2655 1606 2700 oras,
2590 2641 2618 2687 5

372 2727 538 2790 Lydia
564 2743 661 2792 qua
684 2730 884 2792 penitus
923 2735 1155 2800 stagnum
1184 2729 1364 2778 navale
1399 2732 1593 2776 coercet

372 2817 527 2882 Ripa,
559 2818 953 2884 suburbanisque
986 2818 1176 2867 vadum
1205 2820 1521 2882 praetexitur
1551 2819 1724 2867 hortis.

374 2907 477 2955 Illic
512 2908 764 2970 egregium
799 2907 1058 2972 formaque
1094 2909 1373 2972 animisque
1406 2908 1604 2958 videbis

375 2995 690 3056 Marcellum,
721 3004 772 3044 et
805 2998 936 3046 celso
969 2999 1285 3064 praesignem
1312 2999 1499 3048 vertice
1530 3014 1719 3052 nosces.

473 3251 511 3280 V.
542 3252 615 3283 159.
642 3251 738 3289 Vulg.
765 3259 972 3288 onvrosqun.
1022 3250 1037 3266 *
1067 3255 1121 3285 An
1147 3260 1369 3285 mancatum.
