2892 3840
1084 425 1652 463 PRAEFATIO.
2444 429 2502 465 lx

258 521 374 570 laba
415 519 683 582 dactylica;
727 527 879 585 saepe
910 520 963 567 in
998 518 1142 568 MSS.
1182 519 1343 569 codd.
1387 534 1479 584 pro
1524 535 1579 568 se
1623 519 1843 568 invicem
1890 517 2141 568 substitui.
2187 532 2282 570 nec
2326 518 2500 570 dubito

258 591 380 654 quin
412 588 622 637 Aeneid.
657 588 763 648 XII,
798 591 915 637 518.
948 587 1036 636 ubi
1070 602 1203 636 nunc
1237 588 1445 649 legitur,

1091 687 1267 736 piscosae
1294 686 1359 723 cni
1389 686 1533 724 circum
1559 684 1718 724 flumina
1750 683 1900 722 Lernae

811 742 883 780 Ars
911 741 1052 790 fuerat,
1080 743 1300 794 pauperque
1326 740 1486 790 ἀοι-1ης
1515 753 1588 781 nec
1614 747 1711 780 nota
1736 746 1939 792 potentum

811 796 1002 846 Mus-zu,

261 880 497 944 Virgilius
526 881 790 947 ‘scripserit
821 880 1039 939 meA3
1072 887 1132 927 ut
1161 880 1300 946 apud
1332 882 1619 930 Martialem
1653 879 1822 943 Epigr.
1857 875 1963 936 ΧΠ,
2004 881 2080 927 18.

813 961 918 1000 Dum
947 973 1016 1012 per
1042 971 1184 999 mmm
1216 968 1256 999 te
1283 973 1573 1000 Pom-noum!
1606 969 1678 999 etc.

255 1036 313 1073 ct
342 1025 677 1075 Claudianum
715 1027 769 1072 in
806 1026 883 1072 Pr.
920 1025 1069 1073 Cous.
1107 1026 1298 1071 Stilich.
1328 1028 1366 1083 Ι,
1397 1031 1478 1073 42.

1093 1105 1211 1141 nullis
1239 1104 1400 1142 haerere
1425 1114 1646 1143 Pomxruu

812 1161 1027 1199 menztrs
1037 1170 1051 1207 3

256 1249 314 1289 et
348 1241 472 1289 alios
507 1244 615 1289 sine
648 1256 860 1290 numero
892 1243 1027 1290 locos
1062 1244 1117 1289 in
1147 1242 1406 1306 utriusque
1444 1241 1642 1304 generis
1678 1240 2016 1302 scriptoribus.
2049 1250 2101 1287 et
2134 1241 2268 1305 quod
2301 1245 2507 1308 propius

265 1317 361 1367 est,
396 1310 602 1358 Servius
635 1310 839 1359 videtur
869 1326 961 1373 pro
996 1311 1141 1358 varia
1174 1309 1387 1356 lectione
1417 1310 1679 1358 invenisse
1716 1307 1933 1362 mum’a,·
1975 1308 2110 1355 inter
2145 1324 2297 1372 quam
2330 1327 2508 1361 vocem

264 1386 317 1425 et
343 1377 535 1436 limina,
572 1378 795 1426 detracta
829 1377 975 1425 litera
1012 1377 1045 1435 l,
1079 1384 1255 1440 utpote
1289 1378 1438 1424 initio
1470 1391 1650 1425 versus
1665 1410 1679 1433 ,
1702 1390 1881 1439 parum
1915 1385 1995 1424 est
2027 1376 2364 1436 differentiae3
2396 1393 2509 1428 cum

264 1445 443 1494 ductus
478 1448 658 1494 calami
698 1447 804 1493 fere
838 1445 997 1493 iidem
1036 1447 1139 1492 sint
1170 1445 1227 1491 in
1259 1445 1436 1492 munia
1471 1453 1524 1492 et
1554 1444 1743 1491 ae'mae‘mz:
1794 1451 1847 1490 et
1890 1444 1983 1492 has
2026 1459 2177 1493 voces
2211 1462 2425 1494 munera
2459 1454 2511 1494 et

265 1513 442 1560 linn'tm
472 1514 591 1562 alibi
627 1522 958 1562 commutatas
994 1529 1145 1577 saepe
1182 1514 1465 1562 observavi.
1536 1512 1667 1561 Nam
1702 1512 1880 1574 Georg.
1915 1513 1992 1560 IV.
2030 1515 2144 1562 520.
2179 1528 2272 1579 pro
2305 1530 2511 1562 munere

265 1579 531 1643 legendum
578 1599 688 1631 esse
730 1584 953 1640 nomine,
988 1590 1137 1629 extra
1188 1598 1389 1630 omnem
1433 1582 1826 1630 controversiam
1862 1582 2084 1646 positum
2116 1590 2267 1646 puto,
2300 1590 2420 1648 post
2450 1598 2514 1631 ea

260 1663 395 1713 *quae
429 1649 541 1697 dixi
575 1651 642 1699 ad
670 1651 793 1701 Silv.
824 1651 900 1709 lll,
931 1654 975 1698 3.
1015 1666 1061 1699 v.
1101 1655 1179 1698 87.
1216 1650 1298 1698 Sic
1340 1650 1517 1698 limina
1553 1658 1605 1696 et
1642 1649 1840 1696 moenia
1874 1658 2246 1699 commutantur
2280 1653 2336 1699 in
2368 1651 2511 1700 MSS.

266 1717 402 1780 apud
437 1718 583 1768 Ovid.
618 1720 735 1767 Met.
770 1720 860 1779 VI,
897 1722 1011 1768 600.
1050 1728 1102 1767 et
1130 1719 1269 1777 xlv,
1306 1721 1420 1766 4‘56.
1457 1718 1649 1766 Iumina
1684 1726 1736 1765 et
1780 1724 2011 1783 tempora
2044 1718 2185 1768 Ibide
2219 1736 2268 1769 v.
2306 1722 2386 1768 32.
2422 1735 2513 1784 pe-

267 1791 408 1833 ctore
443 1795 495 1834 et
528 1787 713 1835 lumine
747 1789 939 1836 Seneca
972 1786 1118 1836 Herc.
1162 1787 1279 1834 Fur.
1315 1804 1364 1837 v.
1399 1790 1516 1836 219.
1565 1794 1796 1853 tempora
1831 1795 1883 1834 et
1922 1788 2120 1835 moem'a
2159 1788 2372 1838 Horatio
2405 1787 2513 1836 Art.

269 1853 405 1969 Ρρξῐι.
439 1870 489 1905 V.
519 1861 630 1905 140.
666 1857 915 1919 sangathe
950 1865 1002 1903 et
1036 1856 1185 1905 litore
1256 1857 1343 1904 Sil.
1374 1857 1545 1905 Italico
1588 1857 1647 1915 V,
1690 1859 1805 1903 273.
1876 1854 2019 1905 Idem
2056 1855 2121 1916 X,
2160 1861 2271 1907 133.
2306 1857 2371 1905 de
2408 1855 2513 1905 An-

267 1937 318 1968 m
355 1938 385 1970 a
405 1939 449 1980 e,

826 2007 877 2045 Ni
903 2008 983 2044 lcto
1016 2007 1080 2044 det
1107 2015 1247 2045 cuncta
1274 2008 1415 2054 virum,
1438 2009 1657 2058 jungatque
1681 2007 1837 2056 parenti

824 2062 1026 2111 conponi,
1062 2071 1100 2101 et
1129 2063 1283 2102 excidat
1312 2066 1470 2101 miseros
1496 2075 1586 2101 eum
1617 2064 1739 2113 stirpe
1767 2069 1947 2113 penates:

268 2145 342 2192 ita
377 2146 431 2191 in
476 2144 733 2202 omnibus,
782 2147 985 2210 opinor,
1020 2145 1226 2207 legitur:
1278 2160 1454 2194 sensus
1497 2159 1621 2195 vero
1668 2151 1721 2191 et
1755 2142 2017 2207 Oppositio
2057 2143 2205 2207 plane
2242 2141 2515 2206 postulant,

268 2212 555 2276 §tangatque
580 2214 800 2278 parente?
827 2224 1069 2271 PlGNORA,
1100 2214 1156 2261 id
1188 2223 1281 2272 est,
1309 2220 1471 2261 natos.
1540 2213 1829 2278 Propertius
1863 2211 1944 2271 IV,
1976 2216 2023 2259 4.
2057 2211 2121 2259 de
2157 2211 2396 2275 Tarpeia:

821 2295 949 2342 Dixit,
978 2301 1020 2333 et
1047 2296 1196 2333 incerto
1226 2297 1400 2346 permisit
1427 2306 1601 2333 anema
1632 2306 1790 2332 somno:

271 2357 345 2403 ita
389 2355 539 2416 vulgo
589 2357 783 2418 legitur.
878 2359 983 2407 Sed
1033 2375 1100 2407 an
1148 2361 1326 2424 aliquis
1370 2376 1591 2423 unquam
1635 2360 1892 2406 intellexit
1940 2356 2060 2421 quid
2108 2357 2177 2405 sit
2211 2356 2515 2422 pernu'ttere

273 2435 494 2471 BRACHIA
525 2426 729 2471 somno?
761 2432 896 2472 certe
923 2427 1194 2487 legendum
1233 2430 1319 2477 vel
1360 2441 1584 2486 LUM!NA‚
1616 2428 1701 2476 vel
1730 2426 1862 2490 quod
1891 2428 2098 2490 propius
2130 2433 2222 2482 est,
2253 2436 2512 2482 ΡΕοΤΟιιΑς

275 2499 333 2539 ut
361 2491 498 2555 apud
526 2491 767 2540 Nostrum
795 2492 917 2541 Silv.
949 2495 1029 2550 Ill,
1060 2496 1106 2541 2.
1138 2511 1258 2557 quos
1294 2512 1430 2541 nunc
1461 2512 1554 2556 ego
1592 2505 1829 2541 ΡΕοΤοΒΕ
1860 2509 2080 2550 somnoS‚
2116 2495 2307 2551 Quosve
2334 2507 2515 2557 queam

267 2561 506 2624 perferre
534 2559 671 2608 dies?
736 2561 812 2609 Ita
845 2561 981 2624 apud
1011 2561 1256 2609 Rutilium
1287 2563 1647 2609 Numatianum
1674 2562 1898 2608 Itinerar.
1932 2561 1970 2618 Ι,
1997 2563 2113 2607 229.

825 2641 1024 2682 Praesidet
1051 2644 1186 2694 exigui
1211 2642 1401 2681 formatus
1429 2643 1598 2693 imagine
1623 2642 1710 2679 saxi

935 2700 1012 2743 Qui
1037 2701 1220 2749 pastorali
1246 2710 1405 2737 nemus
1434 2698 1562 2735 fronte
1588 2700 1716 2751 gerit:

276 2763 490 2826 loquitur
522 2762 585 2810 de
630 2764 809 2810 Castro
849 2763 981 2823 Inui,
1012 2763 1197 2828 oppido
1238 2766 1293 2811 in
1334 2764 1500 2822 Italia3
1550 2765 1689 2826 cujus
1729 2762 1903 2828 oppidi
1932 2769 2161 2826 praestes
2194 2769 2304 2810 erat
2339 2761 2512 2821 Inuus,

275 2829 414 2878 idem
447 2832 532 2894 qui
565 2831 692 2878 Pan.
724 2833 833 2893 jam
863 2848 987 2881 vero
1019 2833 1142 2896 quid
1180 2841 1258 2880 est
1289 2848 1471 2894 gerere
1506 2843 1709 2880 ΝΟΜΙΝΑ
1731 2831 1998 2897 pastorale·
2016 2831 2236 2893 fronte?
2274 2831 2435 2893 Lege:

824 2913 901 2957 Qui
930 2915 1115 2963 pastorali
1142 2925 1300 2952 conxua
1326 2914 1457 2951 fronte
1486 2915 1615 2965 gerit:

276 2979 350 3024 ita
393 2976 529 3023 enim
572 2975 849 3036 fingebatur
892 2977 1009 3025 Pan
1040 2980 1127 3027 vel
1167 2978 1353 3026 Inuus:
1395 2978 1676 3028 Macrobius
1716 2977 1962 3026 Saturnal.
1991 2978 2028 3035 Ι,
2070 2979 2151 3023 22.
2218 2977 2359 3037 Ergo
2400 2974 2513 3024 Inui

280 3055 483 3093 CORMJA
527 3042 810 3106 barbaeque
849 3045 1061 3108 prolixa
1099 3045 1328 3094 demissio
1378 3053 1622 3093 naturam
1666 3047 1790 3094 lucis
1831 3045 2106 3092 ostendunt
2150 3052 2239 3090 etc.
2308 3042 2512 3092 Nemini

282 3112 490 3160 dubium
529 3127 640 3158 esse
682 3118 850 3175 potest
892 3114 1013 3174 quin
1040 3114 1114 3159 ita
1153 3115 1406 3176 scripserit
1440 3114 1679 3161 Rutilius:
1732 3121 1784 3159 et
1818 3113 1862 3159 si
1899 3113 2037 3159 istud
2071 3115 2252 3176 poema
2283 3111 2511 3160 editurus

283 3196 446 3229 essem
461 3214 475 3238 ‚
515 3181 623 3227 sine
664 3180 997 3227 haesitatione
1034 3181 1088 3226 in
1126 3187 1421 3227 contextum
1456 3182 1732 3244 reciperem
1771 3190 1974 3226 CORNUA
2014 3196 2105 3244 pro
2144 3190 2359 3227 NoMlNA.
2429 3181 2512 3228 Sic

277 3254 510 3313 tempora
543 3256 595 3295 et
624 3264 838 3295 munera
872 3256 1238 3298 commutantur
1265 3248 1474 3297 Manilio
1506 3247 1588 3307 IV,
1625 3253 1741 3298 205.
1785 3248 1990 3296 nomu'mz
2015 3255 2068 3295 et
2085 3249 2326 3316 praemia
2362 3247 2509 3298 ovid.

1996 3320 2027 3366 b
