2892 3840
306 401 407 458 5⁷⁵
1128 389 1314 438 NOTAE
1348 402 1417 437 AD
1446 389 1552 436 Lm.
1585 389 1644 437 11.
1675 392 1718 438 1‘.
2445 392 2543 440 215

308 518 372 548 deo
403 515 579 547 admittere
608 515 695 546 hanc
727 515 908 547 lectionem
940 516 1080 555 propter
1106 524 1148 546 ea
1171 523 1257 554 quae
1285 523 1395 545 anno--

303 562 391 595 tavit
423 562 475 592 ΕΙ.
497 563 708 592 Burmannus
741 562 783 592 ad
809 562 883 593 val.
908 563 1022 594 Flace.
1045 564 1103 601 vl,
1127 562 1206 592 347.
1251 562 1335 591 Mox
1359 569 1390 590 v.

309 610 361 641 13.
389 617 452 647 pro
478 608 618 639 latrant
640 608 798 639 Heinsius
821 608 863 638 ad
888 607 987 639 ovid.
1013 607 1114 638 Trist.
1135 609 1189 643 11,
1213 607 1294 636 1159.
1318 615 1390 637 ma-

307 654 380 685 vult
398 655 561 686 latrans:
587 655 647 685 sed
674 664 741 685 non
766 663 850 693 opus
878 656 940 685 est.
965 652 1122 684 Thebaid.
1145 654 1191 693 11,
1219 653 1297 684 337.

627 703 765 741 quoties
791 700 880 731 haec
906 709 972 731 ora
995 705 1124 731 natare

394 745 571 785 Fletibus,
596 751 632 776 et
659 755 805 787 magnas
829 746 990 778 latrantia
1011 748 1150 786 pectora
1177 751 1283 774 curas

393 791 544 822 Admota
566 792 736 831 deprendo
762 790 894 823 manu?

304 835 362 867 ubi
383 843 530 877 pectora
552 836 695 869 latrant
722 847 781 869 seu
810 839 990 874 elatraret,
1015 840 1054 868 ut
1075 836 1151 875 hie,
1173 833 1388 874 praecordia

305 884 453 914 latrant.
501 884 582 921 [Pro
615 884 753 915 latrant
787 886 872 915 Ven.
904 884 1071 914 Inerant.-
1117 890 1163 913 an
1195 879 1303 911 voluit
1334 879 1389 909 la-

307 928 431 960 cerat?
456 929 528 959 scil.
552 929 676 960 luctus.
703 931 758 960 Ex
779 931 887 968 Anu]

350 984 382 1005 v.
409 977 463 1006 17.
521 975 686 1006 Lacrimis
722 986 764 1007 en
800 981 837 1006 et
865 984 941 1005 mea
968 974 1129 1004 earmina
1154 974 1190 1003 in
1214 973 1289 1010 ipso
1317 968 1387 1000 Ore

305 1022 440 1060 natant]
464 1021 543 1051 Non
569 1029 654 1059 opus
681 1024 732 1053 est
755 1024 792 1053 ut
816 1022 966 1059 legamus
989 1020 1128 1049 madent
1148 1027 1211 1056 pro
1235 1020 1385 1046 natant.-

304 1066 438 1097 tametsi
469 1066 531 1097 hac
563 1066 678 1106 phrasi
707 1075 810 1106 saepe
839 1068 954 1097 utatur
977 1064 1122 1096 Statius:
1166 1067 1205 1094 ut
1224 1061 1384 1092 Thebaid.

302 1112 351 1144 xl
390 1114 444 1143 17.

354 1135 364 1154 ⁷
396 1159 531 1189 &neta
570 1155 708 1190 madent
745 1155 895 1188 lacrimis
935 1159 969 1186 et
1001 1154 1044 1184 ab
1079 1154 1173 1183 omni
1199 1152 1384 1192 plangitur

519 1211 616 1232 arce.

301 1248 384 1281 Silv.
407 1249 449 1287 V,
473 1249 507 1287 3,
532 1255 565 1277 v.
595 1249 651 1279 58.

391 1293 478 1333 Ipse
498 1293 637 1324 madens
659 1291 809 1324 lacrimis
832 1291 1031 1322 umbrarum
1054 1290 1240 1328 animaque
1264 1294 1382 1317 sacer-

518 1340 589 1371 dos.

300 1383 349 1415 ita
373 1384 552 1423 legendum
579 1393 655 1416 esse
679 1393 742 1423 pro
768 1382 908 1414 madens
931 1382 1043 1413 oculis
1055 1400 1067 1416 ,
1090 1377 1241 1418 pluribus
1265 1377 1308 1407 ad
1332 1376 1384 1406 lo-

301 1439 376 1461 cum
395 1430 559 1469 exemplis
583 1431 763 1462 adstruam.
808 1430 912 1460 Recte
935 1436 972 1458 se
994 1427 1094 1457 habet
1118 1428 1269 1456 natant.-
1293 1422 1381 1453 The-

300 1476 389 1507 baid.
416 1478 468 1518 11,
492 1479 569 1509 337.

654 1522 786 1561 quoties
810 1519 899 1549 haec
921 1527 987 1548 ora
1007 1518 1127 1547 natare

387 1566 540 1597 Fletibus
550 1570 599 1607 ,et
623 1574 769 1606 magnas
796 1565 976 1595 latrantia
997 1567 1146 1602 pectora
1171 1570 1278 1592 curas

386 1613 534 1643 Admota
556 1612 725 1651 deprendo
750 1608 882 1642 manu?

297 1657 457 1690 Thebaid.
481 1658 526 1699 X,
551 1659 631 1688 298.

652 1707 826 1743 stagnant
847 1703 1038 1744 nigrantia
1061 1701 1142 1730 taho

390 1748 588 1786 Gramina,
613 1750 887 1789 sanguineisque
915 1749 1036 1778 natant
1061 1748 1218 1778 tentoria
1240 1748 1355 1778 rit-is:

295 1794 345 1826 ita
379 1795 580 1835 legendum;
630 1795 755 1836 vulgo,
801 1793 997 1834 sanguineis
1043 1797 1183 1823 nutant.
1220 1793 1379 1825 Tbebaid.

295 1842 337 1883 v,
361 1842 559 1918 ²2⁹⁵r‘ateras
582 1893 716 1924 pronos
742 1885 932 1925 epulasque
956 1883 991 1914 in
1013 1882 1118 1914 caede
1142 1884 1300 1915 natantes

391 1935 538 1964 Cernere
565 1936 656 1962 erat.

299 1977 461 2011 Sidonius
483 1975 691 2017 Apollinaris
715 1977 824 2007 carm.
847 1975 931 2013 vn,
964 1975 1043 2005 277.

605 2025 703 2054 natat
724 2023 851 2053 obruta
873 2020 976 2052 tellus

386 2068 572 2109 Sanguine.

297 2116 503 2148 Claudianus
530 2114 571 2144 de
597 2114 653 2143 Iv.
677 2114 779 2143 Cous.
798 2110 954 2144 Honorii.

386 2163 561 2193 Plaustra
583 2167 706 2190 cruore
726 2161 857 2189 natant.

295 2208 395 2246 plura
426 2208 470 2238 ad
501 2214 637 2237 manum
670 2206 769 2242 sunt3
814 2203 872 2234 sed
908 2212 979 2236 non
1005 2214 1090 2245 opus
1114 2208 1175 2238 est.
1202 2208 1298 2239 Vers.
1318 2209 1376 2240 22.

294 2254 398 2285 Recte
421 2256 535 2284 tuetur
557 2250 737 2282 Gemi-tius
754 2250 953 2288 plorantem
972 2251 1138 2293 animam,
1160 2257 1279 2284 contra
1296 2256 1379 2286 Sea-

292 2299 393 2339 ligeri
436 2302 470 2330 et
502 2298 719 2337 Tiliobrogae
745 2296 935 2336 ploratum.
968 2301 1104 2335 praeter
1135 2299 1210 2330 loca
1240 2301 1282 2330 ab
1317 2300 1376 2331 illo

293 2346 460 2386 adducta,
504 2344 583 2375 vide
617 2343 720 2374 Theb.
758 2342 818 2382 IX,
841 2342 922 2372 299.
946 2342 1023 2374 xu.
1050 2346 1105 2375 56.
1129 2347 1164 2375 et
1185 2345 1236 2376 ita
1259 2345 1376 2377 inveni

293 2391 331 2425 in
365 2391 473 2424 Editt.
502 2392 612 2421 Parm.
653 2392 687 2420 et
721 2387 815 2418 Rom.
847 2396 933 2426 quae
965 2390 1082 2421 ambae
1110 2399 1174 2430 pro
1217 2392 1376 2424 solennia

293 2439 397 2481 paulo
419 2440 521 2477 ante,
546 2437 670 2467 habent
695 2434 850 2465 solatia.-
873 2433 971 2466 male.

337 2496 374 2520 v,
394 2486 452 2517 26.
499 2482 551 2514 Et
582 2492 676 2513 nune
707 2476 798 2510 lieu!
837 2478 951 2520 vittis]
987 2481 1110 2513 Totum
1142 2481 1233 2513 hune
1263 2482 1374 2516 locum

295 2533 346 2567 ita
366 2528 545 2570 legendum
568 2530 603 2559 et
626 2525 900 2565 distinguendum
918 2529 1019 2564 puto:

385 2575 437 2607 Et
457 2584 549 2605 nunc
568 2572 660 2605 lieu!
682 2575 783 2605 vittis
805 2577 838 2603 et
859 2573 1002 2614 frontis
1027 2572 1157 2603 honore
1182 2573 1294 2605 soluto

386 2620 580 2663 Infaustus
610 2627 731 2660 vates,
754 2626 883 2650 vexans
904 2627 982 2649 mea
998 2623 1147 2659 pectora
1171 2624 1284 2651 tecum

384 2666 519 2706 Plango
546 2666 638 2705 lyra.
683 2664 756 2695 En!
781 2665 855 2695 diri
875 2666 940 2695 ete.

296 2714 357 2747 sed
388 2711 508 2743 vitium
529 2711 637 2750 majus
663 2711 802 2742 subesse
824 2710 973 2741 seeundo
992 2709 1107 2741 versui
1127 2710 1272 2749 opinor3
1308 2718 1373 2742 nee

295 2758 446 2793 mihimet
474 2755 657 2788 satisfacio.
712 2755 770 2786 En
799 2764 882 2786 vero
917 2765 981 2794 pro
1013 2761 1046 2787 et
1076 2756 1288 2788 verissimum
1312 2758 1374 2788 est.

299 2805 433 2839 Similis
457 2811 582 2843 eomes,
607 2801 717 2841 quoad
729 2801 857 2832 luctum
868 2802 1015 2833 similis.-
1036 2804 1075 2833 ut
1095 2803 1271 2843 eleganter
1284 2802 1374 2844 apud

293 2849 489 2885 Petronium

389 2894 569 2927 Grandine
592 2893 655 2932 qui
675 2894 806 2932 segetes
832 2895 868 2921 et
891 2895 998 2922 totum
1016 2894 1175 2931 perdidit
1196 2904 1328 2927 annuns

418 2942 463 2972 In
487 2937 587 2970 simili
610 2935 714 2977 deflet
736 2938 861 2967 tristia
877 2938 969 2978 fata
996 2937 1084 2968 sinu.

294 2989 359 3020 Pro
389 2994 470 3020 mm
503 2985 654 3024 praestat
689 2989 778 3013 num
812 2983 850 3011 ut
880 2982 999 3021 Virgil.
1020 2985 1106 3014 Aen.
1134 2984 1187 3023 V,
1210 2983 1245 3014 4.
1283 2991 1373 3016 num

293 3044 418 3075 magno
451 3032 514 3065 sed
542 3039 660 3061 amore
693 3034 877 3067 nerones,
921 3030 986 3058 etc.
1032 3029 1126 3059 Haec
1148 3028 1370 3068 scripseram:

292 3082 411 3120 postea
447 3079 570 3110 nactus
600 3075 703 3105 Editt.
733 3075 948 3104 Parmensem
980 3074 1015 3103 et
1048 3075 1255 3116 Romanam,
1304 3074 1373 3107 alia

290 3134 404 3159 rerum
434 3123 538 3157 facies
562 3130 636 3153 sese
662 3120 808 3158 aperuit.
852 3120 936 3150 illae
958 3118 1046 3149 enim
1068 3119 1203 3161 hahent,

380 3172 571 3215 Infaustus
598 3172 698 3198 vates
724 3172 842 3196 vnnso
870 3175 946 3196 mea
964 3170 1111 3205 pectora
1136 3168 1269 3201 tecum:

292 3225 363 3248 nan
381 3224 490 3250 vno.
536 3213 657 3248 Statim
682 3211 751 3244 vidi
772 3211 953 3252 legendum
976 3220 1070 3244 esse:

1547 513 1740 556 Infaustus
1766 521 1864 547 vates
1896 523 2013 547 vasso
2035 525 2113 547 mea
2132 519 2283 555 pectora
2308 515 2385 545 sebo

1547 559 1683 601 Plango
1709 562 1816 600 lyra.-

1456 603 1505 635 ita
1528 605 1619 636 enim
1654 607 1802 638 scrihere
1826 606 1980 637 solebant
2004 605 2093 645 quod
2117 614 2179 636 nos
2206 605 2310 644 vulgo
2335 604 2539 643 concipimus

1457 650 1603 681 Phoebo.
1654 652 1761 684 Verso
1800 653 1956 691 Phoebo,
2002 652 2023 683 i.
2059 662 2090 683 e.
2111 660 2262 683 averso.-
2287 653 2324 681 ut
2344 650 2483 689 Epiced.
2507 649 2542 681 in

1455 697 1587 727 Patrem
1621 706 1652 729 v.
1684 699 1738 729 12.
1763 698 1798 729 in
1823 708 1861 729 re
1884 697 2007 729 simili:

1547 744 1634 781 Quis
1681 746 1798 776 sterili
1835 754 1912 775 mea
1954 745 2061 775 corda
2099 744 2190 784 situ,
2250 744 2327 783 quis
2361 743 2539 773 ΔΡοιιιΝε

1677 797 1790 821 vuaso

1544 833 1691 875 Frtgida
1715 837 1903 866 damnatae
1922 835 2120 875 praeduaeit
2143 833 2267 864 nubila
2289 831 2426 864 menti?

1452 877 1502 907 uti
1536 883 1630 910 recte
1664 882 1855 914 emendavit
1889 881 2050 912 Heinsius
2084 889 2147 918 pro
2181 887 2306 909 merso.
2349 878 2435 909 Vide
2459 885 2537 907 eum

1453 924 1495 954 ad
1518 925 1613 956 ovid.
1640 928 1778 958 Heroid.
1807 930 1888 966 vu,
1914 928 1947 957 4.
1980 926 2036 957 ubi
2060 926 2166 956 fusius
2189 924 2259 964 agit
2284 924 2327 954 de
2348 923 2412 955 hae
2433 923 2536 962 phra-

1453 969 1482 999 si
1507 981 1632 1002 averso
1660 974 1759 1005 Deo.-
1807 977 1841 1003 et
1867 972 2112 1004 Broukhusium
2135 971 2178 1002 ad
2203 969 2327 1000 Tibulli
2352 971 2424 1009 111,
2447 971 2478 1001 3.
2498 977 2532 998 v.

1451 1017 1509 1046 28.
1557 1018 1686 1050 Audiat
1722 1029 1843 1051 aversa
1875 1029 1943 1050 non
1967 1028 2061 1049 meus
2094 1027 2182 1048 aure
2206 1017 2316 1047 Deus.
2336 1014 2535 1054 Propertius

1451 1063 1508 1102 lv,
1537 1065 1566 1093 1.

1541 1108 1685 1139 Averst's
1722 1110 1885 1139 Charisin
1913 1114 2062 1140 cantas.-
2090 1113 2251 1138 AVERsus
2275 1108 2419 1137 Arouo

1586 1154 1749 1184 Poscitur
1774 1157 1886 1185 inrita
1910 1155 2018 1185 cerba
2036 1154 2187 1194 pigenda
2209 1153 2312 1191 lyra:
2531 1185 2534 1187 Α

1451 1205 1495 1226 ex
1528 1199 1655 1236 optima
1686 1200 1921 1231 emendatione
1956 1200 2104 1238 ejusdem
2137 1197 2293 1240 Heinsii;
2346 1194 2425 1235 qui,
2480 1194 2533 1224 sat

1450 1242 1540 1284 scio,
1580 1245 1807 1284 conjecturam
1840 1255 1948 1277 meam
1978 1246 2196 1285 approbasset
2231 1243 2261 1274 si
2293 1242 2331 1274 in
2361 1240 2447 1273 vivis
2478 1240 2533 1270 fu-

1447 1288 1541 1320 isset.

1496 1334 1560 1377 yv.
1587 1337 1645 1367 41.
1704 1335 1734 1367 0
1760 1338 1820 1368 ubi
1839 1340 2036 1378 purpureo]
2072 1336 2184 1368 Multo
2206 1334 2326 1366 melius
2349 1333 2378 1365 si
2402 1331 2530 1363 scribas

1449 1378 1552 1411 Heu!
1575 1383 1657 1412 ubi.-
1681 1387 1719 1413 ut
1741 1384 1842 1413 Theb.
1866 1385 1907 1419 V,
1933 1384 2012 1414 613.

1540 1426 1635 1458 Heu!
1661 1430 1723 1459 ubi
1748 1429 1888 1460 Siderei
1909 1430 2047 1469 vultus,
2071 1428 2131 1458 ubi
2155 1426 2262 1457 verba
2286 1424 2408 1464 ligatis

1539 1473 1755 1515 Imperfecta
1781 1473 1903 1505 sonis?

1448 1520 1494 1550 Et
1525 1518 1572 1548 ita
1602 1519 1689 1548 forte
1721 1520 1830 1560 inira,
1872 1529 1906 1549 v.
1932 1519 1987 1549 52.
2031 1514 2124 1547 Heu!
2168 1516 2231 1546 ubi
2249 1517 2419 1544 venturae
2443 1518 2534 1550 spes,

1448 1568 1512 1596 etc.
1560 1564 1700 1594 Ovidiu·
1722 1566 1814 1596 Fast.
1836 1567 1897 1603 111,
1922 1565 2000 1595 485.

1538 1609 1632 1639 Heu!
1656 1610 1714 1641 uhi
1734 1616 1848 1650 pacta
1862 1608 1984 1649 fides?
2018 1606 2087 1645 ubi,
2112 1614 2203 1648 quae
2217 1604 2346 1644 jurare
2370 1600 2530 1635 solebas?

1446 1656 1571 1688 iterum
1596 1660 1715 1687 noster
1747 1657 1849 1688 Theb.
1871 1659 1912 1697 V,
1935 1657 2013 1688 350.

1538 1701 1631 1732 Heu!
1656 1702 1714 1734 ubi
1737 1713 1831 1734 nunc
1847 1700 2004 1747 furiae?

1447 1750 1538 1789 vlu,
1565 1749 1642 1781 174.

1542 1793 1637 1824 Heu!
1660 1793 1717 1825 ubi
1743 1794 1917 1835 laurigeri
1939 1802 2066 1825 currus
2091 1791 2316 1832 solenniaque
2342 1786 2471 1821 arma!

1446 1838 1529 1871 silv.
1550 1841 1611 1879 111,
1633 1841 1666 1870 5.

1538 1883 1629 1914 Heu!
1651 1883 1709 1915 ubi
1731 1889 1818 1914 nota
1835 1883 1958 1923 fides?

1447 1928 1497 1960 ita
1519 1931 1608 1969 apud
1634 1930 1705 1961 Val.
1729 1931 1840 1961 Flaec.
1867 1932 1924 1970 lv,
1947 1930 2027 1961 469.
2050 1938 2113 1967 pro

1539 1978 1567 2006 0
1593 1977 1649 2006 ubi
1675 1986 1769 2006 nunc
1792 1978 1894 2016 regni
1910 1978 2119 2017 generisque
2143 1973 2199 2005 ubi
2221 1974 2349 2015 gloria,

1445 2022 1577 2052 mavult
1598 2021 1759 2053 Heinsius
1781 2022 1861 2052 Heu
1887 2022 1954 2052 ubi.

1492 2075 1524 2097 v.
1547 2069 1605 2098 42.
1653 2069 1851 2108 Sidereique
1883 2069 1982 2098 orbes
2013 2061 2223 2105 radiataque
2255 2065 2388 2095 Iumina
2410 2063 2522 2103 eaelo]

1445 2112 1604 2152 Agnosco
1629 2115 1774 2145 radiata
1798 2115 1929 2144 Iumina
1953 2122 1997 2143 ex
2020 2110 2130 2142 Ovidii
2153 2112 2235 2142 Met.
2261 2112 2318 2150 lv,
2345 2111 2422 2141 193.

1536 2159 1686 2200 Forma,
1713 2160 1876 2199 calorque
1898 2161 1971 2196 tibi,
1994 2157 2188 2195 radiataque
2210 2155 2338 2186 lumina
2359 2158 2523 2194 prosunt-

1446 2204 1506 2234 sed
1538 2215 1603 2244 quo
1635 2206 1734 2236 modo
1760 2206 1889 2236 lumina
1914 2205 2089 2236 radientur
2113 2203 2229 2242 caelo,
2266 2211 2336 2233 non
2358 2200 2523 2239 intelligo.

1444 2251 1499 2280 An
1522 2251 1630 2283 voluit
1652 2253 1862 2292 radiataque
1886 2253 2021 2282 lumina
2042 2250 2130 2289 luce,
2148 2248 2203 2278 vel
2228 2246 2326 2279 sole?
2349 2247 2413 2278 hae
2432 2245 2523 2276 enim

1444 2305 1547 2328 voces
1594 2299 1629 2329 in
1664 2300 1761 2330 Mss.
1798 2308 1871 2328 cum
1906 2299 2002 2329 caelo
2033 2296 2288 2327 commutantur.
2343 2293 2412 2324 Sed
2441 2291 2522 2322 mihi

1442 2342 1579 2374 minime
1612 2344 1723 2382 placet
1754 2344 1889 2374 exilitas
1920 2344 1985 2375 ista
2018 2342 2055 2373 in
2081 2342 2147 2372 fine
2169 2348 2306 2377 versus3
2344 2348 2407 2370 nee
2430 2337 2522 2368 enim

1442 2389 1584 2420 Statium
1613 2390 1711 2428 sapit.
1757 2391 1811 2420 An
1838 2389 2002 2429 denique,
2026 2389 2236 2426 radiataque
2259 2386 2392 2416 Iuntina
2413 2384 2521 2416 Phoe-

1441 2435 1504 2466 bo:
1529 2445 1594 2473 quo
1619 2444 1718 2466 sensu
1742 2437 1874 2467 Seneca
1897 2434 2034 2474 Hippol.
2056 2443 2088 2464 v.
2117 2434 2195 2464 377.

1531 2481 1582 2511 Et
1603 2484 1667 2520 qui
1687 2483 1847 2513 tenebant
1868 2483 1970 2523 signa
1995 2480 2169 2511 Phoebeae
2194 2476 2277 2508 sacis

1535 2527 1631 2557 oculi
1644 2549 1654 2567 ,
1677 2529 1771 2558 nihil
1787 2528 1916 2569 gentile
1938 2537 2002 2558 nec
2020 2528 2177 2566 patrium
2200 2526 2341 2557 nait-ant.

1440 2573 1487 2603 Et
1501 2595 1511 2613 ,
1534 2574 1657 2615 facies
1683 2575 1761 2614 igne
1786 2575 1918 2605 sidereo
1941 2574 2077 2609 nitens,
2102 2580 2135 2602 v.
2165 2571 2264 2602 1265.
2286 2571 2347 2602 sed
2370 2579 2433 2602 nee
2452 2570 2516 2602 hoe

1441 2619 1625 2658 perplacet.
1683 2619 1848 2658 Quicquid
1870 2619 1935 2656 sit,
1975 2619 2073 2649 orbes
2097 2620 2132 2648 et
2155 2617 2287 2648 Iumina
2309 2617 2518 2655 conjungun-

1440 2666 1498 2696 tur
1533 2666 1572 2695 ut
1591 2664 1680 2703 apud
1702 2666 1876 2697 Lucanum
1894 2667 1939 2706 11,
1968 2665 2043 2697 184.
2067 2666 2101 2695 et
2123 2665 2164 2705 V,
2186 2663 2266 2695 212.
2289 2666 2325 2694 et
2344 2663 2405 2695 Sil.
2424 2662 2520 2694 ltali-

1440 2720 1518 2742 eum
1536 2710 1597 2750 IX,
1621 2711 1700 2742 401.

1486 2765 1521 2788 v.
1543 2757 1600 2788 47.
1652 2755 1704 2787 Et
1732 2755 1859 2787 mixtae
1892 2757 1969 2787 risu
1998 2755 2189 2795 lacrimae,
2229 2756 2440 2795 penitusque
2469 2754 2519 2785 10-

1441 2804 1580 2844 quentis
1611 2801 1782 2842 Hyblaeis
1829 2812 1901 2833 vox
1940 2801 2045 2833 mixta
2071 2802 2192 2844 savis]
2227 2801 2317 2831 Bene
2350 2801 2518 2831 lacrimae

1440 2851 1574 2881 malz-tae
1593 2848 1674 2879 risu.
1720 2849 1879 2880 Thebaid.
1904 2850 1969 2889 vl,
1997 2849 2071 2879 164.
2095 2847 2281 2886 eleganter,

1530 2894 1604 2924 IIIa
1626 2900 1703 2925 tuos
1728 2899 1871 2937 questus
1896 2894 2159 2933 lacrimososque
2180 2894 2286 2931 impia
2305 2890 2392 2922 risus

1530 2939 1673 2977 Audiit,
1693 2946 1726 2972 et
1756 2943 1851 2972 vocis
1878 2941 2051 2978 decerpsit
2070 2947 2248 2970 murmura
2267 2939 2428 2978 primae:

1439 2984 1486 3016 Et
1509 2985 1570 3024 IX,
1597 2987 1676 3016 820.

1530 3030 1675 3067 Audiit,
1702 3035 1735 3060 et
1760 3032 1873 3061 mixto
1893 3029 1970 3060 risit
1996 3027 2150 3059 Latonia
2174 3028 2264 3058 fletu.

1445 3072 1555 3105 Udunt
1583 3077 1752 3116 gaudium
1779 3078 1880 3105 vocat
1906 3074 2073 3106 Martialis
2098 3072 2215 3113 Epigr.
2239 3073 2294 3115 X,
2317 3074 2374 3105 78.
2395 3071 2516 3104 retr·-

1439 3118 1519 3151 nin-
1545 3120 1582 3152 ia
1605 3121 1729 3160 Trojae
1749 3121 1890 3151 Halesi:

1795 3166 1951 3198 Fletibus
1976 3170 2125 3198 manant
2143 3174 2255 3207 genae

1532 3210 1727 3254 Mentisque
1741 3214 1896 3253 pavidae
1915 3211 2074 3254 gaudium
2095 3211 2253 3244 lacrimas
2276 3207 2386 3240 habet.
