2892 3840
896 429 1376 468 s1nvanuu
1438 416 1609 466 LIB.
1677 415 1757 465 IV.
2384 424 2482 473 103

238 540 309 590 Et
338 540 546 591 Literna
576 543 749 607 palus,
779 545 1017 609 pigerque
1050 543 1199 594 Save.

239 629 311 679 At
341 631 531 681 ssavum
561 640 736 697 caput,
762 631 1122 696 humidamque
1152 634 1255 682 late

239 717 444 768 Crinem
475 721 710 770 mollibus
738 721 1013 786 impeditus
1039 722 1174 772 ulvis

237 809 511 874 Vulturnus
543 811 683 861 levat
712 826 827 870 ora,
854 812 1180 876 maximoque

35 947 48 965 s
237 898 411 947 Pontis
447 898 684 948 Caesarei
712 901 912 948 reclinis
944 915 1063 948 arcu
2418 903 2484 948 70

10 987 40 1031 ν
237 988 419 1037 Baucis
451 989 574 1037 tana
605 989 832 1037 faucibus
862 989 1137 1036 redundat:

11 1055 41 1142 ξ
240 1075 530 1126 CAMPORUM
555 1078 687 1125 bone
718 1077 947 1124 conditor
976 1091 1222 1133 meorum,

239 1164 336 1225 Qui
368 1182 452 1214 me
481 1166 697 1216 vallibus
733 1166 863 1214 aviis
893 1165 1121 1212 refusum

235 1256 307 1303 Et
331 1256 468 1319 ripas
499 1254 728 1302 habitare
760 1255 1071 1302 nescientem

31 1396 33 1398 ,
235 1335 377 1391 Re'cti
405 1344 598 1406 legibus
631 1344 764 1393 alvei
792 1344 983 1405 ligasti:
2418 1349 2481 1392 75

97 1411 204 1492 Ξῖ
234 1432 304 1480 Et
330 1447 463 1480 nunc
487 1433 573 1480 ille
609 1448 701 1495 ego
736 1432 992 1491 turbidus,
1025 1433 1318 1496 minaxque,

241 1521 341 1569 vix
365 1538 546 1587 passus
573 1522 752 1570 dubias
786 1523 925 1585 prius
961 1522 1171 1579 carinas,

174 1656 181 1661 μ,
235 1610 349 1660 Jam
377 1619 585 1675 pontem
614 1611 750 1670 fero,
778 1612 1082 1675 perviusque
1120 1611 1308 1670 calcor3

238 1699 335 1760 Qui
365 1708 523 1749 terras
552 1717 756 1765 rapere,
790 1708 843 1748 et
871 1707 1038 1748 rotare
1070 1701 1225 1749 silvas

236 1788 510 1838 Assueram
542 1790 766 1854 (pudet),
795 1789 975 1837 Amnis
1004 1803 1115 1836 esse
1145 1789 1314 1853 coepi:
2416 1791 2486 1836 80

233 1879 303 1926 Et
334 1887 498 1941 grates
530 1895 652 1941 ago,
686 1880 1000 1942 servitusque
1041 1878 1171 1925 tanti
1204 1883 1298 1934 est,
1372 1876 1375 1884 '

238 1966 386 2026 Quod
418 1969 511 2016 sub
545 1977 596 2015 te
632 1968 757 2016 duce
771 2002 786 2026 ‚
829 1976 879 2015 te
901 1967 1139 2030 jubente,
1177 1966 1324 2023 cessi,

30 2118 33 2119 ⁷
239 2055 385 2116 Quod
410 2065 467 2113 tu
492 2059 749 2106 maximus
777 2057 989 2116 arbiter,
1017 2069 1260 2120 meaeque

29 2190 39 2214 7
110 2178 130 2201 .
237 2146 408 2195 Victor
439 2155 713 2212 perpetuus
746 2147 911 2208 legere
944 2148 1099 2212 ripae.

39 2222 44 2235 ‘¹
235 2237 306 2285 Et
337 2251 470 2285 nune
503 2237 663 2284 limite
692 2251 774 2283 me
802 2236 922 2283 colis
955 2236 1123 2294 beate,
2413 2231 2477 2277 85

235 2326 341 2376 Nec
371 2326 574 2374 sordere
608 2327 731 2373 sinis
744 2359 759 2383 ,
786 2325 1072 2388 malumque
1106 2325 1207 2373 late

234 2417 480 2476 Deterges
510 2415 693 2462 sterilis
728 2415 823 2461 soli
848 2413 1117 2478 pudorem3

235 2505 340 2555 Nee
368 2520 451 2552 me
483 2505 804 2567 pulvereum,
837 2518 1139 2567 gravemque
1174 2516 1329 2560 coeno

238 2594 487 2656 Tyrrheni
517 2594 655 2640 sinus
694 2592 873 2640 obruet
904 2592 1164 2657 profundi3
1256 2585 1269 2592 ’

239 2681 431 2749 (Qualis
462 2681 739 2746 Cinyphius
772 2689 967 2730 tacente
999 2683 1113 2747 ripa
2409 2672 2478 2718 9⁰

110 2765 138 2835 9
161 2785 170 2797 ’
237 2773 431 2841 Poenas
462 2770 690 2831 Bagrada
719 2772 875 2833 serpit
899 2771 1037 2817 inter
1069 2770 1235 2835 agros)
1942 2789 1954 2798 ⁴

160 2845 172 2849 ‚
238 2860 341 2910 Sed
368 2860 482 2908 talis
517 2859 674 2916 ferar,
699 2866 758 2905 ut
783 2860 976 2906 nitente
1003 2874 1151 2907 eursu

238 2949 580 3015 Tranquillum
605 2963 745 2996 mare
775 2948 1175 3016 proximumque·
1196 2952 1387 3015 possim

327 3191 369 3222 v.
394 3193 452 3222 66.
473 3191 572 3230 Vulg.
596 3196 788 3221 ιιςϊειικᾼ.
836 3190 893 3222 67.
918 3195 1154 3226 uunmmmtm
1180 3189 1286 3228 [quod
1308 3187 1499 3220 Marklandi
1533 3187 1627 3219 iussu
1651 3197 1742 3219 nunc
1768 3189 1960 3228 receptum,
1985 3196 2058 3218 cum
2086 3187 2188 3218 antea
2210 3185 2299 3217 esset
2320 3187 2456 3212 uvnncx

240 3253 307 3279 11>-
332 3252 416 3289 οη]
453 3252 509 3282 68.
533 3256 650 3281 umus.
687 3251 744 3280 71.
763 3255 907 3279 ramus.
939 3251 994 3280 81.
1018 3251 1085 3279 SED
1107 3249 1231 3288 grates.
1265 3248 1337 3286 [88.
1362 3249 1397 3277 et
1420 3248 1475 3278 89.
1501 3253 1568 3277 mec
1594 3263 1638 3270 -
1664 3252 1827 3283 οιυιιῐετς
1850 3246 1951 3276 antea
1978 3252 2022 3276 se
2042 3260 2089 3268 —
2115 3251 2270 3275 onnus-r.
2293 3246 2359 3272 ευ.
2384 3244 2467 3281 om]
