2892 3840
407 418 508 465 236
1221 411 1409 460 NOTAE
1437 421 1516 457 AD*
1540 409 1645 458 Lm.
1672 408 1729 456 Π.
1767 411 1812 456 3.
2516 424 2640 475 9102

500 542 643 573 Dissilit
676 543 773 573 umbo
806 549 946 580 capax,
985 539 1161 577 silvaeque
1194 541 1230 566 et
1267 537 1371 576 nigra
1395 540 1495 574 pate-

629 593 732 618 scunt

500 631 684 670 Flumina,
712 634 922 667 liventesque
946 626 1105 657 Acheron
1129 625 1260 664 ejectat
1281 634 1413 657 arenas
1425 635 1449 657 .··

411 675 461 708 ita
483 677 679 716 legendum:
724 677 824 713 vulgo
852 672 1017 704 omittitur
1039 681 1104 711 que
1129 675 1210 703 aute
1232 671 1424 711 Acheron:
1461 671 1496 700 et

410 724 534 753 umbra
563 724 650 753 male
685 731 745 760 pro
780 720 885 749 umbo.
938 719 1043 757 Mox,
1087 726 1120 747 v.
1151 719 1208 749 52.
1244 724 1411 757 stupeant
1435 717 1496 746 tua

409 769 581 806 germina:
606 769 638 799 id
662 770 713 796 est
737 766 863 806 colant,
889 767 1114 803 venerentur,
1140 773 1217 794 cum
1245 769 1389 802 stupore
1413 771 1496 801 quo-

411 813 487 843 dam
519 823 578 844 seu
601 813 840 844 admiratione.
894 808 1071 840 Achilleid.
1098 810 1136 850 1,
1175 810 1228 841 14.
1260 810 1303 843 ad
1325 808 1493 841 Domitia-

410 867 544 931 numitlt
568 906 626 940 tu,
653 909 749 939 quem
770 901 929 938 primum
950 900 1050 939 longe
1073 900 1187 938 stupet
1215 898 1313 929 Itala
1341 901 1467 928 virtus.

411 946 613 979 Claudianus
637 944 673 974 in
696 946 795 975 Prob.
821 947 856 974 et
875 945 988 983 Olybr.
1015 948 1111 975 cons.
1134 954 1167 974 v.
1199 945 1275 974 162.

963 987 1143 1029 Medisque
1165 990 1320 1019 subactis

498 1034 633 1064 Nostra
663 1033 891 1064 Semiramiae
916 1035 1074 1072 stupeant
1101 1036 1258 1074 insignia
1281 1039 1398 1064 turres
1411 1045 1430 1065 :-

406 1079 455 1110 ita
489 1079 619 1110 invenit
654 1078 814 1109 Heinsius
851 1078 885 1108 in
913 1079 1091 1110 Pulmanni
1114 1079 1260 1111 codice:
1306 1080 1406 1119 vulgo
1431 1078 1491 1110 fri-

407 1125 483 1165 gide
507 1126 659 1156 timeant.
707 1124 835 1162 Ubique
861 1126 1026 1164 exempla.

451 1179 484 1201 v.
513 1173 568 1202 53.
659 1170 733 1201 Illa
765 1170 837 1200 Dei
868 1175 1002 1202 veteres
1033 1169 1180 1201 animata
1213 1170 1372 1208 calores]
1397 1169 1492 1200 Lati.

406 1214 546 1247 nitatem
581 1215 617 1245 in
648 1215 698 1245 his
734 1224 880 1254 quaero:
923 1216 1050 1246 dixisse
1083 1216 1173 1246 enim
1198 1215 1313 1247 debuit
1340 1215 1394 1245 vel
1417 1215 1491 1245 ani-

406 1265 498 1294 mata
519 1270 556 1292 m
585 1261 733 1302 calores,
758 1262 813 1292 vel
841 1261 990 1294 animata
1010 1263 1197 1294 caloribus.
1244 1262 1367 1292 Noster
1386 1261 1489 1292 Theb.

407 1309 474 1344 VI,
497 1308 578 1338 268.

496 1353 597 1383 Exin
619 1354 875 1393 magnanimum
898 1354 1007 1384 series
1032 1355 1182 1393 antiqua
1200 1356 1388 1392 parentum

496 1398 706 1434 Invehitur,
734 1401 838 1429 miris
863 1406 900 1429 m
923 1399 1053 1429 vultum
1076 1398 1224 1429 animata
1246 1397 1390 1439 figuris.

408 1442 548 1474 Ovidius
571 1444 651 1474 Met.
678 1445 734 1483 IV,
759 1446 837 1474 618.

501 1489 674 1529 Gorgonei
698 1491 827 1527 capitis
850 1493 972 1528 guttae
1001 1489 1153 1519 cecidere
1189 1492 1370 1527 cruentae,

501 1536 598 1573 Quas
615 1534 738 1565 humus
763 1539 932 1573 erceptas
959 1536 1078 1564 varios
1104 1533 1268 1565 animavit
1285 1541 1321 1564 IN
1344 1540 1490 1572 angues:

410 1579 455 1609 Et
477 1581 568 1620 xlv,
599 1581 677 1609 506.

501 1628 539 1656 lx
563 1623 723 1663 nymphas
747 1623 901 1655 animata.
919 1623 1034 1655 classe
1057 1626 1226 1655 marinas.

411 1670 568 1701 sedulius
591 1672 640 1710 V,
667 1671 745 1700 206.

505 1719 658 1755 Corpora
686 1715 894 1745 Sanctorum
909 1715 1051 1755 fractis
1078 1715 1203 1746 abiere
1220 1716 1430 1755 sepulchris,

501 1764 541 1792 IN
565 1761 696 1792 cineres
723 1759 870 1790 animata
895 1769 989 1790 suos.

411 1806 474 1836 Vel
501 1807 648 1838 animata
673 1806 858 1837 caloribus.
906 1803 1110 1835 Claudianus
1138 1807 1203 1845 lv,
1236 1808 1338 1836 cons.
1361 1808 1490 1838 Honor.

411 1859 444 1882 v.
468 1854 545 1884 591.

547 1897 723 1936 multaque
745 1895 936 1925 animantur
962 1893 1096 1932 Iaspide
1121 1894 1261 1925 cultus:

412 1950 511 1980 quem
542 1943 654 1972 locum
686 1941 812 1971 adduxi
847 1944 886 1971 et.
914 1938 1090 1970 emendavi
1115 1947 1217 1978 supra
1240 1940 1283 1971 ad
1308 1941 1369 1979 Eq.
1398 1943 1490 1972 Max.

411 1995 444 2017 v.
483 1989 540 2018 20.
574 1997 639 2025 quo
683 1989 833 2025 tempore
868 1986 982 2016 Editio
1025 1985 1157 2015 Heinsii
1198 1986 1239 2016 ad
1268 1995 1387 2017 manus
1421 1997 1492 2018 non

412 2036 496 2063 erat.
530 2032 592 2063 hac
625 2033 796 2073 inspecta,
841 2031 943 2062 video
968 2041 1044 2062 eum
1071 2033 1285 2062 annotantem
1315 2036 1494 2070 „varian-

410 2083 504 2119 „tur
530 2087 616 2108 unus
639 2079 823 2109 Mediceus.
847 2077 1012 2108 hortatur
1035 2077 1070 2107 in
1096 2077 1280 2108 nonnullis.
1305 2080 1391 2109 forte
1416 2082 1495 2110 aui-

411 2124 601 2165 ‚,matu1·.“
648 2125 699 2154 Ne
737 2124 867 2155 dubites
898 2124 977 2161 quin
1011 2122 1184 2161 scripserit
1212 2118 1417 2155 Claudianus
1444 2125 1493 2156 ita

410 2171 451 2199 ut
475 2169 672 2209 emendavi,
698 2172 924 2200 animantur:
957 2177 1042 2207 quae
1065 2177 1132 2200 vox
1154 2169 1191 2198 in
1212 2171 1310 2203 MSS.
1332 2171 1396 2201 hoc
1422 2180 1494 2201 mo-

687 2214 761 2221 -—

414 2225 457 2255 do
486 2225 645 2256 scribitur
680 2228 826 2257 az'atur:
863 2225 953 2255 unde
974 2224 1041 2255 ista
1061 2228 1251 2256 variantur
1277 2228 1311 2257 et
1331 2227 1494 2260 hortatur

414 2272 449 2301 et
474 2272 610 2310 vulgata
634 2277 817 2302 ornantur.
864 2272 991 2301 Noster
1010 2270 1128 2301 Pietat.
1145 2273 1267 2302 Abasc.
1294 2282 1326 2302 v.
1355 2275 1388 2304 2.

503 2327 578 2362 Aut
599 2329 684 2358 ebur
698 2350 708 2368 ,
733 2330 913 2367 impressis
937 2337 1104 2358 aurumve
1126 2328 1276 2360 animare
1302 2329 1427 2369 figuris.

415 2382 518 2415 Theb.
546 2386 616 2425 111,
642 2385 720 2416 223.

909 2437 1075 2469 armaque
1096 2431 1132 2460 in
1159 2439 1248 2461 auro

508 2474 654 2510 Tristia,
676 2472 843 2512 terrificis
873 2480 1103 2505 monstrorum
1125 2475 1272 2507 animata
1293 2475 1417 2516 figuris.

415 2528 517 2560 Plura
550 2531 706 2569 exempla
740 2530 917 2568 utriusque
943 2530 1078 2569 generis
1101 2530 1178 2561 vide
1205 2533 1292 2571 apud
1318 2531 1494 2562 Heinsium

416 2574 460 2605 ad
493 2575 667 2606 Claudian-
701 2576 737 2607 in
770 2577 850 2615 Rap.
884 2577 977 2606 Pros.
1009 2578 1082 2612 111,
1123 2577 1201 2608 386.
1232 2580 1267 2608 et
1306 2577 1428 2617 passim
1460 2577 1498 2608 in

416 2621 524 2651 Statio
547 2622 710 2660 reperies.
753 2623 827 2651 Jam
856 2630 937 2651 vero
970 2630 1043 2659 qua.
1062 2622 1249 2661 Analogia,
1302 2632 1368 2661 quo
1394 2632 1498 2654 sensu

416 2665 715 2704 interpretabimur
740 2667 831 2697 istud
854 2669 1016 2697 animata
1044 2667 1204 2707 calores,
1251 2668 1373 2706 quippe
1396 2669 1496 2699 notus

416 2709 477 2742 ille
508 2712 721 2743 Graecisms
758 2721 824 2750 quo
860 2711 1121 2751 subintelligitur
1158 2713 1363 2751 praepositio
1395 2710 1498 2751 κατὰ,

417 2756 472 2787 h‘ic
502 2758 611 2788 locum
646 2767 716 2789 non
747 2759 859 2795 potest
895 2757 1028 2788 habere.
1052 2766 1116 2788 nec
1142 2758 1230 2788 enim
1255 2760 1353 2796 potes
1379 2758 1493 2789 dicere

419 2803 522 2834 arbor
550 2806 710 2835 animata
743 2804 877 2833 calores
905 2812 945 2833 eo
972 2803 1071 2833 modo
1095 2812 1161 2841 quo
1189 2803 1316 2841 clipeus
1336 2804 1494 2835 caelatus

414 2858 556 2889 pugnas
597 2851 686 2888 apud
725 2849 886 2879 Nostrum
918 2847 1091 2878 Achilleid.
1129 2851 1182 2891 11,
1228 2851 1303 2880 178.
1335 2851 1370 2880 et
1403 2859 1496 2881 arma

419 2903 592 2934 expressa
613 2904 720 2926 casus
746 2895 818 2926 Val.
843 2895 966 2924 Flacc..
985 2896 1021 2933 1,
1052 2895 1130 2926 398.
1156 2896 1197 2925 et
1211 2894 1309 2925 nores
1334 2897 1499 2935 inscripti

421 2942 560 2972 nomina
590 2949 729 2981 regum,
774 2940 862 2979 apud
897 2939 1082 2978 Virgilium.
1115 2938 1151 2970 in
1189 2939 1258 2971 illis
1291 2941 1379 2971 enim
1410 2941 1497 2972 locis

421 2984 509 3015 idem
543 2987 594 3017 est
627 2997 667 3018 ac
700 2986 730 3018 si
771 2985 955 3025 dixissent,
996 2985 1123 3023 clipeus
1168 2985 1223 3024 qui
1242 2996 1382 3027 pugnas·
1416 2997 1496 3018 cae-

423 3029 519 3061 tatas
553 3033 681 3072 liabet;
727 3032 762 3063 et
786 3041 879 3063 arma
908 3039 993 3071 quae
1021 3040 1126 3062 casus
1150 3041 1338 3071 expressos·
1368 3032 1497 3064 habent

425 3082 484 3105 seu
507 3079 730 3118 exprz‘munt5
760 3080 793 3108 et
815 3079 915 3109 stores
942 3076 999 3115 qui
1024 3079 1163 3107 nonu'na
1185 3086 1302 3119 regum
1319 3080 1496 3119 inscripta

425 3118 559 3151 babent.
600 3124 693 3154 nullo
735 3132 817 3155 vero
861 3131 962 3153 seusu
995 3125 1091 3162 potes
1126 3123 1238 3154 dicere
1277 3125 1378 3155 arbor
1409 3133 1495 3163 quae

428 3164 561 3196 calores
599 3168 670 3198 Det·
693 3171 868 3200 animatos
891 3169 1003 3200 habet.
1051 3169 1218 3200 Domitius
1243 3169 1496 3213 interpretatur,¹

424 3213 600 3250 minu-A]
627 3213 726 3251 Quae
751 3216 906 3254 concepit
916 3224 937 3246 .·:
959 3223 1053 3246 more
1077 3224 1137 3247 suo
1168 3216 1272 3249 verba
1292 3216 1495 3256 detorquen-

1563 534 1597 565 di
1625 533 1665 565 ad
1687 541 1825 565 sensum
1850 539 1948 570 quem
1970 529 2083 562 animo
2108 533 2328 574 conceperat,
2364 542 2504 566 securus
2527 537 2640 566 utrum

1563 589 1606 611 ca
1631 580 1676 613 sit
1699 588 1817 611 eorum
1839 576 2060 617 significatio,
2083 585 2203 608 necne.
2247 579 2357 619 Lege,

1781 625 1846 655 illa
1871 625 1943 655 Det
1961 628 2094 654 veteres
2118 622 2247 654 imitata
2268 625 2400 656 calores
2413 634 2436 655 ε’

1563 684 1674 714 sensu
1695 680 1843 721 optimo,
1879 679 2066 711 mutatione
2089 678 2237 710 minima.
2281 680 2334 710 De
2355 681 2457 711 rebus
2482 678 2641 711 inanimis

1562 728 1658 759 lianc-
1674 736 1793 758 vocem
1818 726 1975 765 usurpari
2001 727 2119 756 notum
2142 726 2202 755 est.
2226 723 2384 755 Manilius
2408 726 2444 762 1,
2467 726 2548 757 201.

1658 773 1771 804 Terra
1795 782 1925 814 quoque
1952 771 2073 803 ae'rias
2094 771 2185 812 leges
2209 769 2339 801 imitata
2356 772 2526 810 pependit.

1562 828 1701 861 Ovidius
1724 830 1806 859 Met.
1828 829 1888 859 IX.
1913 828 1992 860 340.

1651 874 1764 904 Haud
1780 874 1911 911 procul
1933 883 1958 903 a
1984 877 2128 913 stagno,
2156 872 2280 912 Durior
2304 871 2435 903 imitata
2459 872 2601 911 colores,

1652 920 1697 950 In
1721 928 1815 958 spem
1842 920 2034 950 baccarum
2041 916 2202 958 florebat
2220 920 2391 958 aquatica
2415 918 2512 949 lotos.

1560 975 1729 1005 Martialis
1759 977 1793 1013 Ι,
1815 974 1873 1004 44.

1649 1018 1722 1049 Aut
1741 1018 1870 1049 imitata
1895 1020 2015 1049 breves
2031 1018 2164 1057 punica
2192 1017 2288 1049 malit
2309 1027 2435 1051 roms--

1558 1074 1719 1106 Horatius
1739 1074 1848 1113 Epist.
1872 1075 1915 1114 11,
1944 1076 1973 1104 1.
1997 1082 2030 1106 v.
2053 1074 2134 1104 207.

1649 1119 1775 1151 Laena
1805 1121 1999 1151 Tarentino
2023 1119 2134 1149 violas
2162 1118 2293 1150 imitata
2315 1127 2464 1150 veneno:

1559 1166 1606 1197 ita
1641 1166 1820 1206 legendum
1857 1167 1938 1204 puto
1972 1174 2034 1204 pro
2067 1164 2192 1195 Lana:
2233 1163 2314 1195 alibi
2337 1164 2419 1195 dixi.
2446 1162 2574 1195 Plinius
2597 1164 2640 1196 Nu

1557 1213 1601 1243 Η.
1624 1213 1725 1253 xlv,
1764 1213 1795 1243 3.
1820 1213 1953 1242 caudas
1977 1211 2127 1250 vulpium
2156 1210 2286 1241 imitata
2308 1211 2471 1250 alopecis.
2495 1208 2574 1241 vitis
2599 1217 2642 1240 ea

1558 1259 1699 1297 species.
1744 1259 1783 1288 Iu
1815 1258 2012 1288 contextum
2042 1256 2154 1295 itaque
2185 1255 2303 1286 admisi
2335 1258 2482 1287 imitata.
2540 1254 2642 1292 Quod

1559 1305 1587 1334 si
1611 1303 1686 1343 quis
1718 1303 1893 1334 audaciam
1924 1302 2010 1333 hanc
2042 1302 2197 1342 damnet,
2226 1306 2305 1340 peto
2330 1304 2368 1332 ut
2393 1301 2548 1340 exemplo
2570 1309 2639 1331 uno

1556 1349 1696 1388 hujusce
1731 1348 2001 1381 constructionis
2032 1356 2088 1378 ma
2110 1349 2247 1378 refutet.
2292 1347 2421 1386 Aliquis
2446 1349 2536 1379 forte
2559 1355 2640 1378 con-

1554 1396 1651 1434 jiciat

1653 1418 1663 1437 ²
1775 1441 1839 1471 illa
1865 1440 1937 1470 Det·
1955 1438 2002 1470 in*
2015 1443 2148 1470 veteres
2171 1437 2325 1469 animata
2340 1438 2476 1470 calores
2487 1448 2506 1468 ι,

1560 1486 1628 1517 Sed
1655 1486 1760 1524 probe
1786 1485 1856 1516 scio
1881 1485 2025 1516 Statium
2048 1494 2117 1516 non
2140 1483 2189 1515 ita
2214 1484 2418 1523 scripturum
2440 1483 2568 1514 fuisse..

1605 1540 1638 1562 v.
1665 1533 1718 1561 55.
1767 1537 1871 1572 atque
1904 1532 2033 1562 umbris
2072 1531 2243 1561 scrutatur
2268 1531 2467 1561 amantibus
2496 1528 2643 1567 undas.1

1561 1578 1613 1608 lta
1647 1575 1781 1607 invenit
1815 1576 1852 1606 in
1885 1576 2011 1614 scripto
2044 1575 2167 1606 Codice
2201 1575 2416 1612 Bernartius3
2458 1584 2479 1606 a
2509 1582 2575 1614 quo
2601 1573 2639 1604 in

1559 1622 1735 1653 Editiones
1766 1623 1849 1653 haec
1871 1622 1972 1652 lectio
1997 1623 2183 1660 propagata
2207 1622 2275 1652 est:
2315 1619 2522 1659 antiquiores
2547 1618 2640 1650 enim

1560 1667 1750 1700 Parmensis
1772 1667 1837 1710 yet
1859 1669 2031 1708 Romana,
2065 1667 2189 1698 habent
2215 1668 2394 1703 sinuatur,
2422 1668 2461 1697 ut
2485 1669 2520 1698 et
2542 1664 2640 1696 Aldi-

1561 1715 1641 1745 dina
1670 1723 1726 1745 an.
1763 1714 1862 1744 1502.
1896 1715 1930 1744 et
1950 1713 2037 1744 aliae
2061 1722 2142 1751 quas
2165 1713 2309 1751 inspexi.
2352 1711 2520 1744 Domitius
2543 1711 2640 1742 notat

1560 1760 1792 1791 inemendatos
1824 1758 1963 1790 codices
1992 1759 2115 1790 habere
2148 1764 2325 1789 servatur.
2380 1757 2501 1789 Omnia
2520 1757 2638 1796 'aequo

1559 1806 1731 1836 mendosa.
1774 1805 1937 1835 sinuatur
1970 1805 2007 1834 ct
2036 1809 2202 1835 servatur
2236 1804 2366 1835 nullum
2394 1804 2519 1835 habent
2561 1811 2639 1833 sen-

1561 1860 1652 1882 sum:
1706 1855 1891 1882 scrutatur
1920 1850 2056 1880 malum.
2091 1849 2213 1888 quippe
2241 1852 2404 1881 scrutari
2421 1852 2474 1881 est
2495 1851 2638 1889 penitus

1562 1899 1596 1927 et
1632 1897 1778 1928 sollicite
1808 1897 1969 1927 excutere
2001 1897 2036 1925 ct
2070 1897 2271 1935 inquirere,
2300 1897 2335 1926 et
2357 1895 2394 1926 in
2417 1900 2553 1926 secreta
2584 1893 2639 1925 rei

1561 1942 1705 1980 alicujus
1743 1943 1933 1979 penetrare.
1988 1940 2194 1972 censorinus
2232 1941 2273 1971 de
2305 1940 2370 1972 Die
2395 1940 2568 1972 Natalic-
2593 1940 2638 1971 X.

1562 1990 1666 2020 Nunc
1691 1997 1794 2024 vero,
1825 1993 1866 2018 ut
1886 1988 2013 2027 liquido
2039 1991 2213 2026 appareat
2241 1986 2516 2026 quemadmodum
2537 1994 2637 2017 voces

1562 2045 1626 2065 nec
1650 2035 1712 2065 sub
1741 2033 1859 2064 oculos
1888 2043 1950 2064 nec
1977 2033 2038 2064 sub
2063 2037 2194 2063 tactum
2222 2034 2382 2064 cadentes
2407 2032 2536 2063 habere
2552 2041 2638 2072 pos·

1563 2083 1637 2112 sint
1657 2088 1860 2119 mensuras,
1892 2079 2099 2110 admirabile
2120 2078 2342 2120 Pythagorae
2368 2079 2526 2120 referam
2548 2087 2641 2110 com-

1563 2131 1738 2164 mentum;
1779 2125 1872 2166 qui-,l
1901 2130 2039 2156 secreta
2062 2124 2225 2155 Naturae
2260 2124 2464 2161 scrutando,
2494 2126 2640 2164 reperit,

1557 2172 1750 2212 phthongos
1770 2172 1979 2201 musicorum
2006 2173 2189 2201 convenire
2211 2170 2259 2200 ad
2288 2173 2462 2202 rationem
2484 2179 2642 2201 numero-

1562 2227 1651 2249 rum.
1696 2219 1749 2248 lta
1773 2217 1972 2255 legendum:
2014 2217 2140 2258 vulgo,
2177 2216 2314 2257 aliquid
2335 2217 2508 2255 appareat.
2550 2216 2640 2247 Hine

1561 2264 1633 2294 fere
1664 2262 1748 2294 haec
1777 2270 1846 2294 vox
1881 2263 2065 2300 usurpatur
2094 2262 2228 2301 quando
2266 2262 2308 2292 de
2328 2264 2430 2293 rebus
2453 2263 2642 2294 latentibus

1562 2319 1684 2341 sermo>
1709 2309 1754 2340 fit.
1821 2308 1956 2340 Curtius
1986 2310 2047 2338 111.
2078 2309 2122 2338 4..
2174 2308 2339 2339 Thracas
2363 2313 2487 2339 tamen·
2517 2307 2641 2338 leviter

1562 2359 1719 2386 armatos
1740 2357 1951 2393 praecedere
1969 2353 2154 2394 jusserat,
2189 2353 2399 2392 scrutarique
2427 2352 2553 2390 ealles,
2594 2362 2638 2383 ne

1562 2401 1721 2432 occultus·
1753 2399 1866 2432 hostis
1909 2403 1958 2432 in>
1991 2401 2176 2432 subeuntes
2220 2397 2420 2439 erumperet.
2476 2397 2641 2429 Horatius

1562 2447 1670 2486 Epist.
1691 2448 1717 2476 1.

1650 2494 1821 2522 Arcanum
1842 2500 1961 2530 neque*
1980 2494 2019 2521 tu
2042 2488 2255 2520 scrutaberis>
2274 2489 2370 2520 illius
2395 2497 2558 2527 unquam.

1562 2538 1697 2568 curtius
1728 2537 1830 2575 vul,
1875 2537 1909 2569 3.
1934 2535 2162 2567 scrutantibus
2183 2535 2265 2574 qued
2285 2534 2457 2566 occuleret
2479 2534 2637 2566 ostendit.

1561 2582 1722 2614 Manilius
1745 2584 1811 2622 LV,
1830 2581 1910 2612 246.

2000 2623 2154 2656 Scrutari
2177 2633 2280 2655 caeca
2300 2625 2445 2656 metalla

1652 2671 1844 2709 Depositas
1870 2674 1906 2700 et
1928 2679 2008 2709 opes
2021 2691 2031 2710 ‚
2056 2676 2253 2710 terramque
2276 2680 2426 2701 exurere
2455 2671 2565 2710 venis,

1653 2716 1906 2755 Materiemque
1941 2724 2066 2747 manus
2099 2721 2233 2747 certam
2264 2716 2447 2756 duplicare
2477 2725 2553 2755 per
2578 2724 2643 2747 ara

1779 2764 1866 2790 tem:

1562 2804 1610 2836 ita
1628 2805 1807 2844 legendum
1827 2805 1930 2844 put03
1955 2805 2068 2846 vulgo,
2092 2815 2199 2836 manu
2225 2810 2331 2837 certoe
2347 2807 2560 2846 duplica-rien
2582 2815 2642 2837 mt-

1563 2855 1619 2883 te:
1643 2851 1731 2890 quod
1749 2851 1957 2890 scaligerum
1971 2851 2056 2882 adeo
2076 2851 2217 2881 offendit
2233 2854 2272 2882 ut
2289 2853 2478 2891 proclamet
2505 2860 2645 2884 versum·

1564 2905 1638 2927 esse
1671 2898 1712 2928 ab
1747 2896 1881 2937 homine
1914 2897 2118 2936 Alchymista
2147 2897 2340 2929 infarctum.
2365 2899 2549 2938 duplicare
2567 2906 2638 2928 na·

1562 2944 1687 2973 teriam
1722 2952 1788 2982 per
1828 2947 1940 2974 artem
1972 2952 2097 2974 manus
2136 2944 2310 2983 eleganter
2342 2943 2476 2974 dicitur.
2508 2942 2638 2974 salma-

1560 2987 1636 3018 sius
1667 2987 1710 3018 ad
1746 2988 1832 3021 Hist.
1862 2989 2002 3027 August.
2029 2998 2061 3028 p.
2086 2989 2165 3020 919.
2184 2989 2268 3029 legit
2288 2989 2381 3019 utin
2407 2986 2550 3027 vulgatis
2572 2987 2644 3026 est,

1563 3036 1598 3065 et
1620 3033 1772 3065 Manilio*
1795 3033 2023 3074 dignissimum
2050 3034 2187 3073 judicat.
2233 3035 2366 3067 Nollem
2385 3033 2521 3065 factum.
2567 3032 2636 3063 Sed

1563 3076 1626 3112 τοῦ
1669 3082 1831 3111 scrutari
1857 3079 2055 3120 significatio
2083 3082 2234 3112 umbrae·
2255 3089 2323 3111 uon
2353 3077 2531 3117 convenit,
2574 3077 2635 3108 sod

1562 3124 1790 3157 Piscatoribus
1819 3126 1953 3165 potius,
1994 3125 2049 3164 qui
2078 3129 2241 3158 scrutari
2260 3127 2379 3163 stagna
2399 3126 2436 3154 et
2462 3127 2645 3154 scrutato«

1563 3180 1621 3201 res
1661 3172 1764 3203 maris
1800 3171 1922 3210 passim
1947 3170 2114 3204 dicuntur.
2159 3171 2243 3204 vids
2265 3172 2376 3203 autem
2395 3169 2554 3209 majorem
2578 3170 2637 3200 ab.

1562 3216 1778 3250 surditatem:
1803 3218 1954 3257 sequitur
1979 3216 2080 3258 euim,
