2892 3840
391 403 493 455 242

1207 397 1393 448 NOTAE
1428 389 1499 445 Ao
1532 397 1637 445 Lm.
1666 398 1722 446 11.
1760 401 1805 446 6.

2477 419 2629 473 ν,9109

1166 519 1849 571 ECLOG.VI.

441 669 668 698 consoni-10
692 672 741 695 An
764 665 924 695 Fmvmn
950 660 1076 690 Unsun
1110 658 1192 698 eta]
1216 659 1269 690 lta
1294 657 1396 699 edidi,
1420 666 1475 689 sc-

398 714 504 750 cutus}
536 711 741 743 Gronovium
773 708 828 746 qui
863 707 898 737 in
931 706 1060 736 duobus
1094 703 1274 736 codicibus
1301 704 1377 744 pari
1402 706 1476 735 fere

395 758 495 790 modo
515 758 601 788 hanc
622 754 833 796 Epigraphen
862 751 1011 784 invenit:
1036 750 1103 782 nisi
1129 750 1220 789 quod
1245 750 1279 781 in
1304 759 1372 781 uno
1395 750 1477 781 Fla-

397 807 490 835 vium
512 805 654 834 Rursum
678 802 718 831 tle
739 806 862 830 noa-rs:
893 798 999 837 pueri.
1045 799 1172 828 verum
1201 799 1253 828 est
1277 803 1475 836 Amssxons,

397 852 435 880 ut
458 849 563 888 Epist.
589 848 629 878 ad
653 844 849 885 Meliorem,
890 844 977 876 libro
1003 843 1082 875 huic
1107 843 1276 882 praefixa:
1302 845 1476 881 scripmm

398 897 439 926 de
469 904 576 934 puero
612 899 739 922 Afflsso
767 891 1064 922 Consolationem:
1106 888 1164 920 ubi
1184 888 1298 919 Titulo
1326 888 1475 926 Eclogae

397 940 494 978 hujus
530 938 668 974 alludit3
713 936 801 976 quod
834 938 868 967 et
901 936 985 968 alias
1007 934 1097 966 facit.
1145 934 1272 964 Eadem
1298 933 1473 972 Epistola:

401 987 483 1017 Jam
516 993 595 1015 vero
628 983 697 1014 tibi
713 982 819 1021 hujus
843 990 961 1014 Afflssl
988 989 1109 1012 reeens
1134 980 1284 1015 vulnus,
1326 984 1366 1010 ut
1387 981 1473 1018 scis,

396 1031 559 1070 Epa-edio
584 1033 794 1068 prosecutus
830 1038 928 1059 sum.-
973 1027 1015 1058 de
1050 1026 1190 1057 Glaucia
1223 1025 1388 1057 Melioris.
1416 1024 1473 1056 ubi

395 1076 522 1115 pariter
546 1075 693 1114 Eclogae
717 1074 881 1105 Lemmati
906 1073 1036 1113 alludit,
1060 1073 1149 1111 quod
1172 1071 1246 1112 fuit,
1270 1073 1473 1102 Epicssniun

395 1123 574 1153 Guneus
600 1123 798 1158 Msmoms;
832 1121 936 1160 (non,
959 1121 996 1150 in
1028 1118 1215 1150 Glauciam
1237 1117 1409 1156 Melioris)
1439 1120 1473 1147 et

393 1168 441 1200 ita
465 1167 512 1198 ibi
533 1166 634 1199 habet
658 1168 798 1197 Vetusta
820 1165 1027 1197 Parmensis:
1050 1165 1103 1195 hic
1127 1172 1232 1199 vero,
1267 1165 1322 1194 Ao
1348 1165 1473 1194 Unsun

392 1220 554 1245 :vvesen
598 1220 839 1244 Amcxssmun.
878 1211 968 1252 quod
1000 1209 1099 1241 etiam
1131 1209 1246 1240 habuit
1279 1218 1323 1240 ex
1354 1209 1473 1239 eadem

391 1259 571 1298 Epistola;
606 1260 686 1290 licet
724 1259 769 1290 ibi
795 1258 910 1297 paullo
933 1255 1032 1288 aliter
1059 1256 1122 1296 sit,
1154 1255 1211 1285 Aa
1236 1255 1363 1286 Ursum
1393 1265 1473 1295 quo-

394 1314 458 1346 que
479 1311 652 1345 nostrum,
685 1304 846 1343 juvenem
870 1308 1174 1341 CANDlDISSIMUM,
1205 1303 1269 1332 etc.
1295 1311 1364 1332 non
1390 1309 1472 1331 Am-

393 1359 568 1385 elssnumu.
623 1353 689 1382 Pro
715 1352 866 1382 Parrus
887 1349 1065 1389 legendum
1089 1350 1288 1388 Palam-us,
1322 1357 1342 1379 a
1367 1347 1473 1378 Grae-

395 1407 435 1429 co
476 1397 726 1430 ‘DIAHToz'x
767 1399 802 1427 et
830 1397 877 1426 ita
908 1396 998 1434 apud
1030 1393 1222 1426 Martialem
1255 1395 1308 1434 11,
1342 1394 1398 1424 44.
1439 1394 1473 1423 et

392 1446 466 1475 Vet.
489 1443 641 1481 Inscript.
676 1443 765 1482 apud
782 1442 973 1472 Reinesium
996 1451 1028 1480 p.
1049 1442 1130 1472 239.
1151 1442 1185 1470 et
1203 1440 1280 1470 756.
1306 1439 1353 1470 ita
1370 1439 1472 1469 etiam

392 1490 536 1527 scriptus
561 1487 698 1527 Codex,
722 1490 863 1518 notante
886 1486 1070 1517 Gronovio.
1094 1485 1179 1516 Vide
1195 1487 1303 1523 Marq.
1327 1485 1471 1515 Gudium

392 1536 436 1566 ad
458 1533 645 1564 Phaedrum
670 1535 722 1574 V,
761 1536 813 1564 10.
859 1533 963 1564 Haec
984 1541 1068 1572 cur,
1101 1533 1281 1570 Panem,
1318 1533 1470 1570 scripse-

392 1584 482 1620 rim,
515 1580 637 1619 pulcre
667 1581 772 1610 vides.
836 1580 940 1611 Vetus
975 1577 1209 1617 Epitaphium,
1253 1577 1377 1607 Romae
1414 1585 1470 1607 re-

416 1629 542 1658 ertum:

391 1636 412 1667 p
486 1668 704 1703 ‹MART-(zo
728 1662 807 1701 τόδε
832 1664 945 1711 σῆμα,
977 1667 1209 1711 κατοιχομένῳ
1236 1662 1443 1709 συνομεὺνῳ,

477 1713 714 1759 Ἀβασκαντὶς
736 1711 865 1757 γαμετὰ
888 1710 1110 1758 μνημοσύνης
1132 1712 1248 1745 ἕνεκεν.

393 1762 523 1793 Citatur
546 1761 581 1791 in
604 1761 684 1791 Not.
707 1759 876 1790 sirmondi
902 1760 944 1790 ad
964 1759 1080 1791 Sidon.
1104 1757 1336 1797 Apollinarem
1361 1756 1467 1795 Epist.

390 1809 461 1848 IX,
504 1809 558 1838 16.
603 1808 638 1836 et
662 1815 683 1835 a
709 1805 854 1836 Graevio
881 1803 917 1834 in
942 1805 1099 1843 Spicileg.
1147 1805 1268 1835 Notar.
1289 1802 1323 1832 in
1353 1801 1468 1832 Rutilii

388 1854 546 1884 Itinerar.
579 1860 613 1882 v.
644 1851 724 1881 419.
754 1849 845 1893 yubi
874 1852 995 1890 probat
1019 1850 1160 1889 primam
1185 1849 1344 1887 syllabam
1370 1848 1468 1886 hujus

393 1899 485 1930 vocis
510 1904 719 1929 communem
746 1904 830 1926 esse.

434 1953 467 1975 v.
505 1944 535 1974 3.
614 1942 871 1981 Surgentesque
910 1939 1020 1982 (nefas
1033 1938 1056 1978 !)
1095 1939 1288 1970 accendere
1323 1943 1425 1969 natos
1437 1940 1466 1977 s]

389 1991 440 2021 Ita
468 1987 753 2027 distinguendum:
795 1987 896 2025 vulgo
922 1986 1085 2017 omittitur
1108 1984 1341 2026 Parenthesis,
1365 1985 1461 2023 quasi

388 2034 601 2067 constructio
620 2035 721 2074 esset,
743 2035 849 2076 nefas
873 2037 928 2062 est
943 2033 1134 2063 accendere
1147 2039 1329 2072 surgentes
1339 2035 1441 2062 natos
1454 2040 1467 2061 .·

387 2082 522 2114 vitiose.
547 2079 647 2111 Theb.
671 2081 736 2120 VI,
764 2080 805 2109 ad
829 2080 947 2110 finem:

479 2127 778 2166 Monstratumque
804 2125 913 2166 (nefas
926 2124 947 2168 ἔ)
973 2125 1036 2154 uni
1054 2123 1240 2153 remeabile
1264 2122 1397 2154 bellum.

387 2174 453 2205 XII
501 2175 555 2204 83.

465 2196 600 2259 'Meque
632 2225 752 2256 super,
802 2217 860 2246 cui
890 2217 986 2255 vita,
1030 2213 1138 2255 (nefas
1150 2212 1174 2253 !)
1215 2215 1272 2244 cui
1295 2215 1468 2254 sanguine

605 2263 687 2293 nati

477 2308 609 2338 Partus
633 2308 741 2338 Itonos
755 2315 768 2335 .·

385 2354 433 2385 ita
458 2353 582 2393 optime
609 2354 717 2384 codex
741 2350 931 2389 Petrensis3
961 2351 1084 2390 vulgo,
1116 2354 1153 2381 et
1175 2348 1352 2389 sanguine.
1389 2348 1467 2379 Vir-

386 2401 486 2440 gilius
509 2401 594 2431 Aen.
622 2402 712 2440 Vlll,
736 2399 814 2429 685.

475 2445 572 2477 Hinc
593 2455 656 2486 ope
678 2445 891 2480 barbarica,
915 2444 1096 2482 variisque
1121 2440 1292 2472 Antonius
1318 2443 1442 2479 armis,

474 2492 612 2523 Ductor
634 2493 678 2523 ab
705 2491 865 2522 Aurorae
880 2490 1018 2529 populis
1044 2492 1081 2518 et
1104 2487 1205 2518 litore
1227 2488 1345 2527 rubro,

474 2538 687 2578 Aegyptum,
713 2539 875 2576 viresque
905 2535 1060 2566 Orientis
1088 2538 1124 2564 et
1146 2533 1269 2563 ultima
1296 2540 1410 2563 secum

475 2584 616 2617 Bactra
642 2584 760 2622 vehit,⁴
788 2584 1009 2623 sequiturque
1034 2578 1174 2624 (nefasl)
1197 2577 1376 2619 Aegyptia·
1389 2588 1467 2610 con-

617 2639 693 2664 ux.-

385 2674 434 2706 ita
473 2640 673 2713 legendi'im3
731 2673 834 2712 vulgo
870 2671 993 2703 Victor
1033 2670 1077 2701 ab
1109 2668 1270 2699 Aurorae
1298 2670 1463 2709 populis:

385 2719 476 2759 quod
506 2721 621 2751 multis
650 2719 842 2752 nominibus
871 2718 926 2748 isti
960 2718 1036 2748 loco
1061 2724 1130 2745 non
1154 2714 1338 2745 convenire
1365 2715 1463 2746 facile

386 2767 476 2796 esset
506 2768 661 2806 probare.
715 2767 849 2797 Ducem
882 2766 982 2794 vocat
1013 2761 1173 2793 Horatius
1200 2760 1309 2799 Epod.
1345 2761 1405 2792 lx.
1428 2761 1463 2792 in

387 2812 503 2844 eadem
531 2811 776 2851 descriptione:
807 2813 840 2841 et
866 2809 1004 2839 Ovidius
1029 2810 1110 2838 Met.
1134 2807 1210 2844 XV,
1237 2807 1315 2837 826.

476 2857 691 2899 Romanique
716 2863 820 2889 Duels
846 2863 984 2888 comux
1007 2856 1213 2894 AEGYPTIA,
1237 2853 1336 2883 tedae

475 2904 553 2936 Nou
571 2906 654 2937 bene
664 2902 762 2945 fisa,
788 2903 912 2934 cadet:

387 2948 442 2979 ubi
472 2949 560 2982 huuc
588 2949 718 2991 Virgilii
750 2951 861 2981 locum
893 2947 928 2977 in
961 2945 1072 2977 animo
1101 2943 1227 2975 habuit.
1256 2942 1392 2978 Ductor
1417 2945 1460 2975 ab

387 2994 546 3028 Aurorae
564 2998 722 3038 populis,
770 2998 828 3035 ut,
864 2994 994 3025 Pastor
1020 2993 1064 3022 ab
1085 2990 1305 3029 Amphryso:
1342 2993 1377 3022 et
1400 2999 1461 3030 per

388 3042 612 3080 contemptum
658 3042 741 3073 haec
773 3041 953 3079 dicuntur,
1005 3040 1039 3068 et
1070 3036 1335 3076 indignationem
1372 3037 1461 3076 quod

388 3084 524 3116 Ductor
566 3091 609 3120 ab
640 3086 781 3119 imbellis
814 3086 976 3117 Aurorae
1003 3084 1142 3123 populis
1173 3092 1267 3114 arma
1299 3083 1460 3114 adversus

386 3130 588 3204 Augustum,
633 3134 835 3173 Agrippam,
881 3134 915 3162 et
958 3138 1079 3161 nomen
1110 3130 1296 3160 Romanum
1327 3138 1459 3162 sumere

385 3182 427 3204 su
454 3178 535 3206 eret.

430 3227 462 3249 v.
489 3222 522 3251 6.
716 3222 788 3252 arte
815 3227 951 3263 tamen,
976 3221 1013 3253 'et
1030 3221 1160 3262 procul
1180 3221 1291 3252 intrat

1635 658 1752 692 Altius
1773 662 1811 691 in
1827 667 1954 691 sensus
1972 659 2055 699 etc]
2070 660 2163 692 Haec
2181 661 2232 692 est
2249 662 2350 695 lectio
2371 664 2518 696 omnium
2532 667 2626 704 quot-

1546 708 1627 742 quot
1658 705 1727 736 vidi
1761 705 1955 737 Editionum
1985 709 2121 744 praeter
2157 708 2367 750 Parmensis,
2412 719 2497 750 quse
2527 711 2627 742 habet

1546 757 1595 780 An
1619 758 1666 781 ‘m
1691 756 1819 782 tamen.
1842 761 1887 782 an
1914 751 2043 793 voluit,
2083 761 2175 784 Αιτε
2200 758 2338 796 tamen,
2370 758 2407 785 ct
2423 757 2550 795 procul
2570 758 2625 788 in-

1546 800 1624 826 trat
1653 797 1763 828 Altius
1803 799 1839 828 in
1875 796 2025 829 sensus?
2067 800 2107 835 Q.
2141 799 2277 831 Curtius
2303 802 2370 840 lv,
2407 802 2439 831 6.
2472 803 2624 834 omnibus

1546 843 1704 884 territis,
1745 844 1829 883 quia
1864 853 2038 883 nunquam
2068 851 2140 877 tam
2175 847 2242 877 alte
2268 842 2480 887 penetrasse
2513 848 2626 888 telum,

1545 887 1659 919 lorica
1681 887 1861 927 obstante,
1902 896 2146 929 cognoverant.
2169 891 2227 923 ubi
2254 892 2382 932 pariter
2407 891 2443 922 in
2468 900 2538 922 uno
2561 895 2627 924 Co-

1545 932 1619 963 dice
1648 934 1809 972 scriptum
1836 937 1911 966 erat
1934 935 1982 965 ad
2005 941 2037 966 te
2065 946 2126 976 pro
2150 939 2230 969 alte.
2278 937 2444 970 Domitius
2468 937 2627 979 explicat,

1544 982 1680 1019 Δηοῖ-Ε]
1720 981 1887 1018 Quamvis
1923 981 2021 1013 nulla
2060 985 2109 1014 sit
2144 986 2385 1016 necessitudo:
2434 984 2523 1023 quod
2546 992 2629 1014 sane

1543 1034 1612 1055 non
1647 1025 1756 1064 capio.
1811 1026 1883 1055 Nec
1911 1028 1992 1065 puto
2017 1027 2149 1068 plagam
2173 1031 2267 1061 recte
2292 1030 2357 1062 dici
2382 1038 2482 1068 posse
2507 1036 2626 1062 Ascra

1543 1080 1602 1101 seu
1630 1079 1727 1103 ARTE
1753 1073 1891 1102 intrare
1918 1082 2004 1110 quae
2023 1084 2091 1113 per
2115 1081 2233 1107 artum
2260 1085 2319 1107 seu
2345 1079 2457 1107 tenue.
2473 1077 2625 1106 foramen

1541 1117 1657 1148 intrat.
1704 1118 1821 1157 Latet,
1859 1115 2000 1159 opinor,
2046 1122 2184 1152 verbum
2208 1121 2344 1160 aliquod
2366 1121 2623 1153 substantivum.

1541 1163 1665 1202 optime
1692 1164 1912 1202 congrueret,
1943 1174 2006 1204 pro
2031 1172 2133 1208 arte,
2169 1167 2383 1207 transpositis
2410 1167 2539 1205 literis,
2564 1177 2624 1199 ae-

1541 1215 1615 1250 ret,
1647 1209 1683 1240 id
1708 1211 1759 1240 est
1782 1209 1928 1240 haeret:

1815 1254 1934 1286 haeret
1957 1262 2095 1294 tamen,
2118 1263 2151 1289 et
2173 1260 2306 1297 procul
2327 1262 2444 1291 intrat

1631 1297 1746 1329 Altius
1771 1301 1809 1329 in
1833 1309 1979 1344 sensus,
2003 1303 2206 1344 majoraque
2227 1306 2377 1336 vulnera
2401 1305 2528 1336 vincit·

1631 1345 1746 1386 Plaga
1768 1347 1891 1377 minor.

1540 1393 1697 1423 Lucanus
1719 1392 1821 1433 vm,
1845 1393 1925 1423 417.

1631 1438 1780 1468 Haereat
1805 1437 1903 1468 ane
1926 1437 2050 1468 vulnus
2077 1440 2274 1471 miserabile
2298 1443 2421 1472 sortis.

1540 1483 1702 1522 Virgilius
1726 1484 1810 1515 Aen.
1838 1485 1911 1524 Vll,
1937 1485 2014 1516 533.

1816 1528 1925 1559 haesit
1947 1532 2035 1560 enim
2060 1531 2122 1561 sub
2145 1535 2289 1571 gutture
2314 1532 2450 1573 vulnus,
2474 1535 2512 1563 et
2533 1531 2623 1563 udae

1635 1572 1740 1604 Vocis
1763 1575 1853 1611 iter,
1885 1580 2082 1616 tenuemque
2109 1577 2252 1608 inclusit
2276 1581 2450 1619 sanguine
2476 1578 2595 1608 vitam.

1538 1617 1596 1649 ubi
1627 1619 1753 1649 vulnus
1790 1628 1852 1657 pro
1888 1623 2026 1662 sagitta
2057 1630 2143 1659 quae
2175 1621 2280 1653 infert
2312 1625 2458 1661 vulnus3
2506 1624 2542 1652 et
2572 1622 2621 1654 ita

1538 1664 1625 1694 forte
1658 1664 1856 1703 capiendum
1889 1662 1930 1698 τὸ
1964 1667 2080 1708 Plaga
2109 1667 2173 1699 hoc
2204 1669 2303 1700 Statii
2335 1669 2422 1700 loco.
2447 1668 2618 1700 Ausonius

1537 1710 1693 1750 Epitaph.
1717 1710 1855 1742 XXVII.
1879 1712 1920 1743 de
1947 1712 2065 1744 Niobe.

1631 1756 1702 1787 Sed
1729 1756 1849 1799 dolor,
1871 1759 2062 1790 obstructis
2086 1769 2293 1800 quamquam
2317 1760 2507 1801 vitatibus,
2540 1758 2620 1791 hae-

1756 1805 1822 1834 ret.

1536 1846 1713 1877 Juvenalis
1737 1847 1789 1885 ΙΙ,
1818 1849 1895 1880 137.

1628 1892 1774 1924 Interea
1797 1894 2001 1925 tormentum
2025 1895 2147 1934 ingens
2171 1896 2378 1928 nubentibus
2405 1896 2534 1932 haeret.

1536 1947 1665 1979 Plinius
1697 1949 1805 1987 Epist.
1835 1951 1863 1986 1,
1898 1951 1929 1981 5.
1984 1949 2068 1990 Ait,
2113 1952 2233 1982 timere
2264 1961 2302 1983 se
2336 1963 2378 1984 ne
2410 1956 2524 1985 animo
2547 1963 2619 1986 meo

1534 1997 1676 2034 penitus
1713 1995 1870 2026 haereret
1906 1997 1995 2036 quod
2029 1997 2067 2026 in
2106 1998 2359 2030 centumvirale·
2382 1998 2514 2037 judicto
2547 2001 2619 2032 ali-

1537 2043 1675 2082 quando
1721 2042 1878 2072 dixisset.
1922 2042 1970 2072 ita
2011 2043 2178 2082 gaudium
2208 2043 2355 2076 haereat
2389 2048 2503 2077 animo
2537 2045 2620 2077 dicit

1535 2088 1628 2118 Idem
1655 2087 1872 2127 Panegyrico.
1896 2087 2067 2129 Sequitur,

1629 2133 1692 2165 Sic
1716 2136 1840 2165 miscet
1864 2134 2023 2165 Fortuna
2043 2143 2168 2174 manu,
2192 2144 2257 2166 nec
2271 2140 2422 2175 pectora
2443 2137 2551 2169 novit.

1535 2188 1583 2220 ita
1617 2191 1711 2220 recte
1744 2190 1941 2221 Bernartius
1972 2192 2006 2221 et
2045 2190 2226 2223 Gevartius
2258 2201 2321 2231 pro
2357 2197 2477 2226 movit.
2533 2195 2618 2227 For·

1535 2238 1619 2266 tuna
1649 2246 1716 2266 non
1754 2238 1849 2267 novit
1882 2246 1952 2267 non
1978 2237 2112 2276 inspicit
2136 2240 2170 2268 et
2192 2240 2286 2268 recte
2309 2240 2463 2272 aestimat
2487 2241 2618 2273 animos

1537 2284 1570 2312 et
1589 2288 1736 2321 pectora
1767 2282 1956 2314 hominum:
1989 2283 2079 2323 quod
2105 2283 2134 2314 si
2158 2284 2319 2326 fecisset,
2351 2286 2471 2326 dignus
2497 2286 2618 2319 fuisset

1534 2328 1683 2359 Philetus
1729 2329 1824 2360 nasci
1861 2329 1957 2360 liber.
2010 2329 2087 2360 Pari
2121 2339 2222 2360 sensu
2256 2332 2357 2363 Herc.
2391 2333 2543 2372 Epitrap.
2574 2335 2616 2371 V,

1536 2376 1592 2405 89.
1660 2376 1704 2406 Si
1744 2384 1856 2406 mores
1896 2375 2116 2416 humanaque
2155 2383 2322 2407 PECTORA
2354 2387 2462 2409 curae
2495 2379 2612 2410 Nossz

1539 2421 1633 2451 Deis.
1688 2421 1778 2451 Male
1821 2421 2014 2452 Gronovius
2054 2422 2223 2453 sincerum
2256 2423 2440 2462 corrumpit
2470 2423 2612 2464 legendo

1535 2469 1570 2498 et
1596 2467 1806 2498 defendendo
1833 2467 1956 2507 (Diatr.
1983 2478 2011 2499 c.
2040 2467 2149 2507 XXI.)

1625 2512 1661 2544 Si
1686 2515 1810 2544 miscet
1831 2513 1991 2544 Fortuna
2015 2523 2141 2554 manu,
2165 2522 2230 2543 nec
2247 2517 2398 2552 pectora
2418 2514 2531 2547 morit.

1533 2567 1615 2599 licet
1647 2569 1788 2600 Elench.
1822 2569 2000 2600 Antidiatr.
2036 2578 2064 2599 c.
2099 2571 2158 2599 111.
2197 2568 2287 2599 dicat
2322 2579 2359 2600 se
2382 2570 2460 2602 ideo
2483 2573 2612 2605 tantum

1534 2614 1715 2652 protulisse
1750 2615 1836 2646 hanc
1872 2615 2119 2655 conjecturam,
2162 2616 2199 2645 ut
2234 2615 2306 2653 ejus
2344 2617 2525 2649 occasione
2555 2618 2612 2650 Si-

1532 2659 1638 2700 lium,
1665 2660 1809 2692 Statium
1832 2660 1933 2698 alibi,
1965 2662 2137 2692 Lucanum
2166 2663 2200 2692 et
2224 2662 2297 2692 Val.
2321 2663 2481 2694 Flaccum
2502 2672 2613 2697 emen-

1533 2705 1630 2737 daret
1655 2708 1689 2736 et
1712 2706 1908 2737 illustraret.

1577 2770 1612 2794 v.
1639 2764 1690 2793 11.
1853 2765 1913 2794 cui
1932 2762 2048 2801 major
2070 2763 2243 2793 stemmate
2263 2762 2381 2801 juncto

1622 2808 1805 2839 Lissa-ms
1842 2818 1889 2839 ea·
1914 2814 2025 2839 mente
2042 2810 2151 2850 fuit]
2188 2811 2295 2846 Quam
2322 2811 2408 2841 male
2431 2810 2485 2842 hic
2509 2820 2610 2853 arg-u-

1531 2855 1700 2885 mentatur
1736 2855 1880 2895 Statius,
1928 2857 1962 2885 et
1995 2863 2051 2885 res
2089 2855 2238 2886 diversas
2265 2857 2299 2886 et
2321 2856 2405 2887 nihil
2435 2867 2609 2890 commune

1531 2899 1692 2930 habentes
1720 2900 1909 2941 conjungit!
1948 2902 2156 2941 Lmen-ms,
2194 2902 2320 2943 inquit,
2356 2902 2470 2942 major
2484 2903 2608 2943 juncto

1530 2950 1718 2977 stemmate.
1767 2948 1846 2986 quid
1880 2949 2082 2978 LIBERTATI
2127 2957 2202 2979 cum
2227 2948 2371 2989 juncto,
2415 2949 2537 2989 longo,
2573 2949 2607 2980 et

1531 2991 1726 3024 continuato
1771 2992 1975 3024 stemmate?
2022 2992 2147 3024 dixisse
2181 2993 2296 3025 debuit
2335 2995 2480 3026 libertas
2513 2994 2605 3025 omni

1533 3037 1718 3081 Vindicta,
1769 3040 1858 3070 omni
1894 3039 2170 3070 Manumissione
2204 3041 2328 3078 maior-3
2383 3048 2452 3070 non
2481 3038 2605 3077 June-to

1529 3088 1706 3115 stemmate
1739 3086 1866 3124 major:
1911 3085 2032 3124 quippe
2060 3085 2217 3123 junctum
2240 3091 2383 3117 stemma
2404 3093 2472 3115 non
2498 3084 2542 3116 ad
2564 3086 2606 3117 10·-

1528 3131 1694 3161 bertatem
1732 3132 1834 3174 facit,
1875 3131 1934 3162 sed
1967 3131 2193 3163 nobilitatem.
2246 3130 2346 3161 Vides
2368 3129 2438 3168 jam
2461 3130 2606 3163 Statium

1529 3175 1703 3215 scripsisse

1897 3223 1958 3252 cui
1979 3220 2093 3260 maJ'or
2114 3224 2290 3253 stemmate
2308 3218 2435 3258 ‚iuncto
