<?xml version="1.0" encoding="UTF-8"?>
<!DOCTYPE html PUBLIC "-//W3C//DTD XHTML 1.0 Transitional//EN"
    "http://www.w3.org/TR/xhtml1/DTD/xhtml1-transitional.dtd">
<html xmlns="http://www.w3.org/1999/xhtml" xml:lang="en" lang="en">
 <head>
  <title>
</title>
<meta http-equiv="Content-Type" content="text/html;charset=utf-8" />
  <meta name='ocr-system' content='tesseract 3.04.00' />
  <meta name='ocr-capabilities' content='ocr_page ocr_carea ocr_par ocr_line ocrx_word'/>
</head>
<body>
  <div class='ocr_page' id='page_1' title='image "./ppapiniistatiili00statuoft_0241.png"; bbox 0 0 2892 3840; ppageno 0'>
   <div class='ocr_carea' id='block_1_1' title="bbox 309 445 531 499">
    <p class='ocr_par' dir='ltr' id='par_1_1' title="bbox 309 445 531 499">
     <span class='ocr_line' id='line_1_1' title="bbox 309 445 531 499; baseline -0.018 -12"><span class='ocrx_word' id='word_1_1' title='bbox 309 449 411 499; x_wconf 57' lang='grc' dir='ltr'><strong>με</strong></span> <span class='ocrx_word' id='word_1_2' title='bbox 433 450 465 497; x_wconf 72' lang='lat' dir='ltr'><strong><em>y</em></strong></span> <span class='ocrx_word' id='word_1_3' title='bbox 477 445 531 483; x_wconf 83' lang='lat'><strong>63</strong></span> 
     </span>
    </p>
   </div>
   <div class='ocr_carea' id='block_1_2' title="bbox 308 555 1390 823">
    <p class='ocr_par' dir='ltr' id='par_1_2' title="bbox 308 555 1390 823">
     <span class='ocr_line' id='line_1_2' title="bbox 399 555 1183 597; baseline -0.006 -10"><span class='ocrx_word' id='word_1_4' title='bbox 399 557 590 595; x_wconf 69' lang='lat' dir='ltr'><strong>depositam</strong></span> <span class='ocrx_word' id='word_1_5' title='bbox 602 578 612 597; x_wconf 94' lang='lat'><strong>,</strong></span> <span class='ocrx_word' id='word_1_6' title='bbox 636 555 748 586; x_wconf 65' lang='lat' dir='ltr'><strong>Dacis</strong></span> <span class='ocrx_word' id='word_1_7' title='bbox 772 555 1021 594; x_wconf 66' lang='lat' dir='ltr'><strong>pereuntibus,</strong></span> <span class='ocrx_word' id='word_1_8' title='bbox 1050 559 1183 592; x_wconf 62' lang='lat' dir='ltr'><strong>Ancum,</strong></span> 
     </span>
     <span class='ocr_line' id='line_1_3' title="bbox 308 597 1390 642; baseline -0.006 -9"><span class='ocrx_word' id='word_1_9' title='bbox 308 600 406 642; x_wconf 60' lang='lat' dir='ltr'><strong>§non</strong></span> <span class='ocrx_word' id='word_1_10' title='bbox 438 608 571 633; x_wconf 67' lang='lat' dir='ltr'><strong>vassu.</strong></span> <span class='ocrx_word' id='word_1_11' title='bbox 617 602 683 632; x_wconf 85' lang='lat' dir='ltr'><strong>Par</strong></span> <span class='ocrx_word' id='word_1_12' title='bbox 715 601 834 632; x_wconf 82' lang='lat' dir='ltr'><strong>vitium</strong></span> <span class='ocrx_word' id='word_1_13' title='bbox 865 600 1037 631; x_wconf 70' lang='lat' dir='ltr'>insederat</span> <span class='ocrx_word' id='word_1_14' title='bbox 1070 597 1247 629; x_wconf 85' lang='lat' dir='ltr'><strong>Horatium</strong></span> <span class='ocrx_word' id='word_1_15' title='bbox 1281 598 1390 628; x_wconf 83' lang='lat' dir='ltr'><strong>carm.</strong></span> 
     </span>
     <span class='ocr_line' id='line_1_4' title="bbox 309 649 1390 732; baseline -0.006 -8"><span class='ocrx_word' id='word_1_16' title='bbox 309 649 346 689; x_wconf 65' lang='grc' dir='ltr'><strong>Ι,</strong></span> <span class='ocrx_word' id='word_1_17' title='bbox 373 650 497 724; x_wconf 44' lang='lat' dir='ltr'><strong>⁷&#39;Sunt</strong></span> <span class='ocrx_word' id='word_1_18' title='bbox 532 693 655 732; x_wconf 72' lang='lat' dir='ltr'><strong>quibus</strong></span> <span class='ocrx_word' id='word_1_19' title='bbox 690 702 796 723; x_wconf 88' lang='lat' dir='ltr'><strong>unum</strong></span> <span class='ocrx_word' id='word_1_20' title='bbox 832 700 917 731; x_wconf 78' lang='lat' dir='ltr'><strong>opus</strong></span> <span class='ocrx_word' id='word_1_21' title='bbox 959 694 1018 721; x_wconf 83' lang='lat' dir='ltr'><strong>est</strong></span> <span class='ocrx_word' id='word_1_22' title='bbox 1044 691 1204 720; x_wconf 70' lang='lat' dir='ltr'><strong>intactae</strong></span> <span class='ocrx_word' id='word_1_23' title='bbox 1232 687 1390 718; x_wconf 73' lang='lat' dir='ltr'><strong>Palladis</strong></span> 
     </span>
     <span class='ocr_line' id='line_1_5' title="bbox 449 746 1022 823; baseline -0.003 -10"><span class='ocrx_word' id='word_1_24' title='bbox 449 746 798 823; x_wconf 44' lang='lat' dir='ltr'><strong>Cartiiffjssiwrpetuo</strong></span> <span class='ocrx_word' id='word_1_25' title='bbox 823 779 998 812; x_wconf 74' lang='lat' dir='ltr'><strong>celebrare</strong></span> <span class='ocrx_word' id='word_1_26' title='bbox 1009 790 1022 811; x_wconf 86' lang='lat'><strong>.·</strong></span> 
     </span>
    </p>
   </div>
   <div class='ocr_carea' id='block_1_3' title="bbox 311 836 1393 923">
    <p class='ocr_par' dir='ltr' id='par_1_3' title="bbox 311 836 1393 923">
     <span class='ocr_line' id='line_1_6' title="bbox 312 836 1393 878; baseline -0.001 -9"><span class='ocrx_word' id='word_1_27' title='bbox 312 838 368 869; x_wconf 86' lang='lat' dir='ltr'><strong>nbi</strong></span> <span class='ocrx_word' id='word_1_28' title='bbox 404 848 465 877; x_wconf 89' lang='lat' dir='ltr'><strong>pro</strong></span> <span class='ocrx_word' id='word_1_29' title='bbox 493 846 613 871; x_wconf 70' lang='lat' dir='ltr'><strong>uanam</strong></span> <span class='ocrx_word' id='word_1_30' title='bbox 649 838 826 878; x_wconf 89' lang='lat' dir='ltr'><strong>legendum</strong></span> <span class='ocrx_word' id='word_1_31' title='bbox 862 845 935 869; x_wconf 80' lang='lat' dir='ltr'><strong>esse</strong></span> <span class='ocrx_word' id='word_1_32' title='bbox 969 844 1088 868; x_wconf 67' lang='lat' dir='ltr'><strong>ancl-n(</strong></span> <span class='ocrx_word' id='word_1_33' title='bbox 1115 836 1245 867; x_wconf 80' lang='lat' dir='ltr'><strong>erudite</strong></span> <span class='ocrx_word' id='word_1_34' title='bbox 1272 838 1393 875; x_wconf 86' lang='lat' dir='ltr'><strong>probat</strong></span> 
     </span>
     <span class='ocr_line' id='line_1_7' title="bbox 311 883 1346 923; baseline -0.002 -9"><span class='ocrx_word' id='word_1_35' title='bbox 311 886 347 914; x_wconf 86' lang='lat' dir='ltr'><strong>R.</strong></span> <span class='ocrx_word' id='word_1_36' title='bbox 372 884 555 918; x_wconf 85' lang='lat' dir='ltr'><strong>Bentleius.</strong></span> <span class='ocrx_word' id='word_1_37' title='bbox 587 885 664 916; x_wconf 84' lang='lat' dir='ltr'><strong>vide</strong></span> <span class='ocrx_word' id='word_1_38' title='bbox 700 888 734 915; x_wconf 90' lang='lat' dir='ltr'><strong>et</strong></span> <span class='ocrx_word' id='word_1_39' title='bbox 754 884 872 914; x_wconf 85' lang='lat' dir='ltr'><strong>Heius.</strong></span> <span class='ocrx_word' id='word_1_40' title='bbox 902 884 945 914; x_wconf 90' lang='lat' dir='ltr'><strong>ad</strong></span> <span class='ocrx_word' id='word_1_41' title='bbox 969 883 1064 914; x_wconf 85' lang='lat' dir='ltr'><strong>Ovid.</strong></span> <span class='ocrx_word' id='word_1_42' title='bbox 1089 885 1243 923; x_wconf 61' lang='lat' dir='ltr'><strong>Met-v,</strong></span> <span class='ocrx_word' id='word_1_43' title='bbox 1268 883 1346 913; x_wconf 90' lang='grc'><strong>644.</strong></span> 
     </span>
    </p>
   </div>
   <div class='ocr_carea' id='block_1_4' title="bbox 310 938 1391 1301">
    <p class='ocr_par' dir='ltr' id='par_1_4' title="bbox 310 938 1391 1301">
     <span class='ocr_line' id='line_1_8' title="bbox 356 938 1391 977; baseline -0.002 -6"><span class='ocrx_word' id='word_1_44' title='bbox 356 950 388 971; x_wconf 84' lang='lat' dir='ltr'><strong>v.</strong></span> <span class='ocrx_word' id='word_1_45' title='bbox 416 943 472 973; x_wconf 84' lang='lat'><strong>93.</strong></span> <span class='ocrx_word' id='word_1_46' title='bbox 497 941 656 972; x_wconf 79' lang='lat' dir='ltr'><em>Fortuna</em></span> <span class='ocrx_word' id='word_1_47' title='bbox 676 951 744 972; x_wconf 83' lang='lat' dir='ltr'><strong>non</strong></span> <span class='ocrx_word' id='word_1_48' title='bbox 768 940 953 971; x_wconf 77' lang='lat' dir='ltr'><strong>admirante</strong></span> <span class='ocrx_word' id='word_1_49' title='bbox 966 940 1109 976; x_wconf 74' lang='lat' dir='ltr'><strong>subisti]</strong></span> <span class='ocrx_word' id='word_1_50' title='bbox 1136 938 1214 970; x_wconf 89' lang='lat' dir='ltr'><strong>Scio</strong></span> <span class='ocrx_word' id='word_1_51' title='bbox 1225 939 1391 977; x_wconf 89' lang='lat' dir='ltr'><strong>quomodo</strong></span> 
     </span>
     <span class='ocr_line' id='line_1_9' title="bbox 310 984 1391 1026; baseline -0.002 -10"><span class='ocrx_word' id='word_1_52' title='bbox 310 987 398 1017; x_wconf 86' lang='lat' dir='ltr'><strong>hunc</strong></span> <span class='ocrx_word' id='word_1_53' title='bbox 415 988 527 1018; x_wconf 87' lang='lat' dir='ltr'><strong>locum</strong></span> <span class='ocrx_word' id='word_1_54' title='bbox 553 988 702 1026; x_wconf 86' lang='lat' dir='ltr'><strong>explicat</strong></span> <span class='ocrx_word' id='word_1_55' title='bbox 716 987 859 1017; x_wconf 78' lang='lat' dir='ltr'><strong>Thomas</strong></span> <span class='ocrx_word' id='word_1_56' title='bbox 881 986 1070 1024; x_wconf 77' lang='lat' dir='ltr'><strong>Stephanus</strong></span> <span class='ocrx_word' id='word_1_57' title='bbox 1094 984 1127 1013; x_wconf 88' lang='lat' dir='ltr'><strong>in</strong></span> <span class='ocrx_word' id='word_1_58' title='bbox 1152 985 1308 1015; x_wconf 86' lang='lat' dir='ltr'><strong>Editione</strong></span> <span class='ocrx_word' id='word_1_59' title='bbox 1329 993 1391 1015; x_wconf 89' lang='lat' dir='ltr'><strong>sua</strong></span> 
     </span>
     <span class='ocr_line' id='line_1_10' title="bbox 311 1033 1389 1071; baseline -0.002 -9"><span class='ocrx_word' id='word_1_60' title='bbox 311 1033 424 1063; x_wconf 86' lang='lat' dir='ltr'><strong>harum</strong></span> <span class='ocrx_word' id='word_1_61' title='bbox 454 1033 622 1065; x_wconf 80' lang='lat' dir='ltr'><strong>Silvarum</strong></span> <span class='ocrx_word' id='word_1_62' title='bbox 654 1033 844 1071; x_wconf 77' lang='lat' dir='ltr'>cantabrig.</span> <span class='ocrx_word' id='word_1_63' title='bbox 873 1041 927 1062; x_wconf 92' lang='lat' dir='ltr'><strong>an.</strong></span> <span class='ocrx_word' id='word_1_64' title='bbox 951 1033 1047 1062; x_wconf 84' lang='grc'><strong>1651.</strong></span> <span class='ocrx_word' id='word_1_65' title='bbox 1071 1037 1141 1059; x_wconf 66' lang='lat' dir='ltr'><strong>Nox</strong></span> <span class='ocrx_word' id='word_1_66' title='bbox 1159 1033 1389 1069; x_wconf 69' lang='lat' dir='ltr'><strong>ADMlRANTE]</strong></span> 
     </span>
     <span class='ocr_line' id='line_1_11' title="bbox 314 1075 1389 1119; baseline -0.004 -10"><span class='ocrx_word' id='word_1_67' title='bbox 314 1079 486 1119; x_wconf 72' lang='lat' dir='ltr'><strong>Siquidem</strong></span> <span class='ocrx_word' id='word_1_68' title='bbox 498 1088 565 1117; x_wconf 83' lang='lat' dir='ltr'><strong>pro</strong></span> <span class='ocrx_word' id='word_1_69' title='bbox 576 1081 705 1109; x_wconf 71' lang='lat' dir='ltr'><strong>meritis</strong></span> <span class='ocrx_word' id='word_1_70' title='bbox 721 1080 789 1108; x_wconf 79' lang='lat' dir='ltr'><strong>tuis</strong></span> <span class='ocrx_word' id='word_1_71' title='bbox 801 1079 929 1108; x_wconf 79' lang='lat' dir='ltr'><strong>electus</strong></span> <span class='ocrx_word' id='word_1_72' title='bbox 939 1086 986 1107; x_wconf 83' lang='lat' dir='ltr'><strong>es.</strong></span> <span class='ocrx_word' id='word_1_73' title='bbox 1016 1076 1082 1107; x_wconf 87' lang='lat' dir='ltr'><strong>Sed</strong></span> <span class='ocrx_word' id='word_1_74' title='bbox 1094 1075 1389 1113; x_wconf 86' lang='lat' dir='ltr'><strong>mihinequaquam</strong></span> 
     </span>
     <span class='ocr_line' id='line_1_12' title="bbox 312 1120 1388 1162; baseline -0.004 -7"><span class='ocrx_word' id='word_1_75' title='bbox 312 1125 474 1155; x_wconf 73' lang='lat' dir='ltr'>satisfacit</span> <span class='ocrx_word' id='word_1_76' title='bbox 504 1124 586 1155; x_wconf 82' lang='lat' dir='ltr'><strong>haec</strong></span> <span class='ocrx_word' id='word_1_77' title='bbox 606 1123 861 1162; x_wconf 75' lang='lat' dir='ltr'>interpretatio,</span> <span class='ocrx_word' id='word_1_78' title='bbox 892 1124 926 1151; x_wconf 88' lang='lat' dir='ltr'><strong>et</strong></span> <span class='ocrx_word' id='word_1_79' title='bbox 941 1122 1047 1159; x_wconf 83' lang='lat' dir='ltr'><strong>majus</strong></span> <span class='ocrx_word' id='word_1_80' title='bbox 1069 1120 1196 1158; x_wconf 84' lang='lat' dir='ltr'><strong>aliquid</strong></span> <span class='ocrx_word' id='word_1_81' title='bbox 1218 1122 1388 1158; x_wconf 84' lang='lat' dir='ltr'><strong>postulare</strong></span> 
     </span>
     <span class='ocr_line' id='line_1_13' title="bbox 310 1168 1389 1208; baseline -0.004 -7"><span class='ocrx_word' id='word_1_82' title='bbox 310 1171 443 1201; x_wconf 74' lang='lat' dir='ltr'><strong>videtur</strong></span> <span class='ocrx_word' id='word_1_83' title='bbox 475 1177 616 1207; x_wconf 82' lang='lat' dir='ltr'><strong>sensus3</strong></span> <span class='ocrx_word' id='word_1_84' title='bbox 646 1170 745 1208; x_wconf 83' lang='lat' dir='ltr'><strong>quale</strong></span> <span class='ocrx_word' id='word_1_85' title='bbox 768 1170 820 1198; x_wconf 86' lang='lat' dir='ltr'><strong>est</strong></span> <span class='ocrx_word' id='word_1_86' title='bbox 845 1169 1084 1197; x_wconf 77' lang='lat' dir='ltr'><em>consentiente</em></span> <span class='ocrx_word' id='word_1_87' title='bbox 1118 1168 1151 1195; x_wconf 91' lang='lat' dir='ltr'><strong>et</strong></span> <span class='ocrx_word' id='word_1_88' title='bbox 1172 1168 1389 1205; x_wconf 77' lang='lat' dir='ltr'><em>approbante</em></span> 
     </span>
     <span class='ocr_line' id='line_1_14' title="bbox 310 1211 1391 1254; baseline -0.006 -7"><span class='ocrx_word' id='word_1_89' title='bbox 310 1217 460 1247; x_wconf 75' lang='lat' dir='ltr'><strong>Fortuna</strong></span> <span class='ocrx_word' id='word_1_90' title='bbox 474 1235 484 1254; x_wconf 90' lang='lat'>‚</span> <span class='ocrx_word' id='word_1_91' title='bbox 507 1225 575 1245; x_wconf 83' lang='lat' dir='ltr'><strong>non</strong></span> <span class='ocrx_word' id='word_1_92' title='bbox 598 1220 787 1254; x_wconf 83' lang='lat' dir='ltr'><strong>opponente</strong></span> <span class='ocrx_word' id='word_1_93' title='bbox 808 1222 844 1243; x_wconf 88' lang='lat' dir='ltr'><strong>se</strong></span> <span class='ocrx_word' id='word_1_94' title='bbox 871 1212 948 1243; x_wconf 89' lang='lat' dir='ltr'><strong>huic</strong></span> <span class='ocrx_word' id='word_1_95' title='bbox 973 1211 1150 1251; x_wconf 85' lang='lat' dir='ltr'><strong>electioni,</strong></span> <span class='ocrx_word' id='word_1_96' title='bbox 1178 1221 1247 1242; x_wconf 89' lang='lat' dir='ltr'><strong>non</strong></span> <span class='ocrx_word' id='word_1_97' title='bbox 1270 1221 1391 1253; x_wconf 77' lang='lat' dir='ltr'><strong>asper-</strong></span> 
     </span>
     <span class='ocr_line' id='line_1_15' title="bbox 310 1258 1200 1301; baseline -0.006 -9"><span class='ocrx_word' id='word_1_98' title='bbox 310 1268 441 1301; x_wconf 74' lang='lat' dir='ltr'><strong>nante,</strong></span> <span class='ocrx_word' id='word_1_99' title='bbox 462 1269 530 1290; x_wconf 89' lang='lat' dir='ltr'><strong>uon</strong></span> <span class='ocrx_word' id='word_1_100' title='bbox 551 1262 774 1301; x_wconf 76' lang='lat' dir='ltr'><strong>indignante,</strong></span> <span class='ocrx_word' id='word_1_101' title='bbox 798 1261 836 1289; x_wconf 91' lang='lat' dir='ltr'><strong>ut</strong></span> <span class='ocrx_word' id='word_1_102' title='bbox 858 1258 1018 1290; x_wconf 79' lang='lat' dir='ltr'><strong>Thebaid.</strong></span> <span class='ocrx_word' id='word_1_103' title='bbox 1045 1259 1096 1297; x_wconf 88' lang='lat'><strong>11,</strong></span> <span class='ocrx_word' id='word_1_104' title='bbox 1121 1258 1200 1288; x_wconf 87' lang='grc'><strong>741.</strong></span> 
     </span>
    </p>
   </div>
   <div class='ocr_carea' id='block_1_5' title="bbox 306 1315 1346 1814">
    <p class='ocr_par' dir='ltr' id='par_1_5' title="bbox 398 1315 1295 1402">
     <span class='ocr_line' id='line_1_16' title="bbox 401 1315 1295 1358; baseline -0.003 -12"><span class='ocrx_word' id='word_1_105' title='bbox 401 1316 452 1347; x_wconf 89' lang='lat' dir='ltr'><strong>Tu</strong></span> <span class='ocrx_word' id='word_1_106' title='bbox 477 1317 595 1357; x_wconf 70' lang='lat' dir='ltr'><strong>bellis,</strong></span> <span class='ocrx_word' id='word_1_107' title='bbox 619 1323 658 1348; x_wconf 87' lang='lat' dir='ltr'><strong>tu</strong></span> <span class='ocrx_word' id='word_1_108' title='bbox 677 1326 770 1356; x_wconf 81' lang='lat' dir='ltr'><strong>paee</strong></span> <span class='ocrx_word' id='word_1_109' title='bbox 785 1317 889 1358; x_wconf 81' lang='lat' dir='ltr'><strong>feres</strong></span> <span class='ocrx_word' id='word_1_110' title='bbox 914 1317 954 1346; x_wconf 85' lang='lat' dir='ltr'><strong>de</strong></span> <span class='ocrx_word' id='word_1_111' title='bbox 977 1325 1069 1345; x_wconf 88' lang='lat' dir='ltr'><strong>more</strong></span> <span class='ocrx_word' id='word_1_112' title='bbox 1085 1315 1295 1356; x_wconf 84' lang='lat' dir='ltr'><strong>frequentes</strong></span> 
     </span>
     <span class='ocr_line' id='line_1_17' title="bbox 398 1360 1232 1402; baseline -0.005 -9"><span class='ocrx_word' id='word_1_113' title='bbox 398 1362 586 1394; x_wconf 56' lang='lat' dir='ltr'><strong>Prin-sem</strong></span> <span class='ocrx_word' id='word_1_114' title='bbox 607 1372 768 1402; x_wconf 82' lang='lat' dir='ltr'><strong>operum,</strong></span> <span class='ocrx_word' id='word_1_115' title='bbox 795 1371 866 1393; x_wconf 89' lang='lat' dir='ltr'><strong>non</strong></span> <span class='ocrx_word' id='word_1_116' title='bbox 891 1362 1088 1401; x_wconf 80' lang='lat' dir='ltr'><strong>indignante</strong></span> <span class='ocrx_word' id='word_1_117' title='bbox 1111 1360 1232 1391; x_wconf 80' lang='lat' dir='ltr'><strong>Diana.</strong></span> 
     </span>
    </p>

    <p class='ocr_par' dir='ltr' id='par_1_6' title="bbox 306 1409 1346 1531">
     <span class='ocr_line' id='line_1_18' title="bbox 306 1409 527 1448; baseline -0.009 -8"><span class='ocrx_word' id='word_1_118' title='bbox 306 1409 352 1440; x_wconf 73' lang='lat' dir='ltr'><strong>Et</strong></span> <span class='ocrx_word' id='word_1_119' title='bbox 371 1410 424 1448; x_wconf 85' lang='lat' dir='ltr'><strong>V,</strong></span> <span class='ocrx_word' id='word_1_120' title='bbox 448 1409 527 1440; x_wconf 81' lang='lat'><strong>434.</strong></span> 
     </span>
     <span class='ocr_line' id='line_1_19' title="bbox 400 1449 1346 1495; baseline -0.01 -10"><span class='ocrx_word' id='word_1_121' title='bbox 400 1456 577 1485; x_wconf 76' lang='lat' dir='ltr'><strong>Cernimus</strong></span> <span class='ocrx_word' id='word_1_122' title='bbox 600 1455 678 1495; x_wconf 80' lang='lat' dir='ltr'><strong>Iu&#39;e,</strong></span> <span class='ocrx_word' id='word_1_123' title='bbox 701 1453 835 1484; x_wconf 85' lang='lat' dir='ltr'><strong>Phoebo</strong></span> <span class='ocrx_word' id='word_1_124' title='bbox 862 1461 931 1482; x_wconf 90' lang='lat' dir='ltr'><strong>non</strong></span> <span class='ocrx_word' id='word_1_125' title='bbox 953 1451 1170 1491; x_wconf 81' lang='lat' dir='ltr'><strong>indignante,</strong></span> <span class='ocrx_word' id='word_1_126' title='bbox 1191 1449 1346 1489; x_wconf 73' lang='lat' dir='ltr'><strong>priorem</strong></span> 
     </span>
     <span class='ocr_line' id='line_1_20' title="bbox 396 1501 588 1531; baseline -0.01 -1"><span class='ocrx_word' id='word_1_127' title='bbox 396 1501 588 1531; x_wconf 79' lang='lat' dir='ltr'><strong>Admetum.</strong></span> 
     </span>
    </p>

    <p class='ocr_par' dir='ltr' id='par_1_7' title="bbox 308 1546 655 1586">
     <span class='ocr_line' id='line_1_21' title="bbox 308 1546 655 1586; baseline -0.006 -10"><span class='ocrx_word' id='word_1_128' title='bbox 308 1546 376 1586; x_wconf 80' lang='lat' dir='ltr'><strong>lx,</strong></span> <span class='ocrx_word' id='word_1_129' title='bbox 401 1547 482 1576; x_wconf 71' lang='lat'>1169.</span> <span class='ocrx_word' id='word_1_130' title='bbox 648 1577 655 1580; x_wconf 63' lang='grc'><strong>,</strong></span> 
     </span>
    </p>

    <p class='ocr_par' dir='ltr' id='par_1_8' title="bbox 527 1587 1271 1630">
     <span class='ocr_line' id='line_1_22' title="bbox 527 1587 1271 1630; baseline -0.001 -10"><span class='ocrx_word' id='word_1_131' title='bbox 527 1590 612 1620; x_wconf 81' lang='lat' dir='ltr'><strong>Stat</strong></span> <span class='ocrx_word' id='word_1_132' title='bbox 630 1599 753 1629; x_wconf 84' lang='lat' dir='ltr'><strong>pugna</strong></span> <span class='ocrx_word' id='word_1_133' title='bbox 774 1591 890 1629; x_wconf 72' lang='lat' dir='ltr'><strong>impar.</strong></span> <span class='ocrx_word' id='word_1_134' title='bbox 914 1592 1094 1630; x_wconf 73' lang='lat' dir='ltr'><strong>amnisque</strong></span> <span class='ocrx_word' id='word_1_135' title='bbox 1121 1587 1271 1627; x_wconf 72' lang='lat' dir='ltr'><strong>virique,</strong></span> 
     </span>
    </p>

    <p class='ocr_par' dir='ltr' id='par_1_9' title="bbox 394 1635 707 1675">
     <span class='ocr_line' id='line_1_23' title="bbox 394 1635 707 1675; baseline -0.003 -10"><span class='ocrx_word' id='word_1_136' title='bbox 394 1635 594 1675; x_wconf 85' lang='lat' dir='ltr'><strong>Indignante</strong></span> <span class='ocrx_word' id='word_1_137' title='bbox 623 1636 707 1665; x_wconf 90' lang='lat' dir='ltr'><strong>Deo.</strong></span> 
     </span>
    </p>

    <p class='ocr_par' dir='ltr' id='par_1_10' title="bbox 306 1679 1318 1814">
     <span class='ocr_line' id='line_1_24' title="bbox 306 1679 892 1716; baseline -0.01 0"><span class='ocrx_word' id='word_1_138' title='bbox 306 1682 512 1716; x_wconf 76' lang='lat' dir='ltr'><strong>Claudianus</strong></span> <span class='ocrx_word' id='word_1_139' title='bbox 538 1683 578 1712; x_wconf 92' lang='lat' dir='ltr'><strong>de</strong></span> <span class='ocrx_word' id='word_1_140' title='bbox 602 1681 706 1710; x_wconf 82' lang='lat' dir='ltr'><strong>Laud.</strong></span> <span class='ocrx_word' id='word_1_141' title='bbox 732 1679 840 1711; x_wconf 87' lang='lat' dir='ltr'><strong>Stilic.</strong></span> <span class='ocrx_word' id='word_1_142' title='bbox 866 1682 892 1710; x_wconf 89' lang='lat'><strong>1.</strong></span> 
     </span>
     <span class='ocr_line' id='line_1_25' title="bbox 401 1725 1318 1768; baseline -0.002 -10"><span class='ocrx_word' id='word_1_143' title='bbox 401 1727 450 1758; x_wconf 87' lang='lat' dir='ltr'><strong>Ut</strong></span> <span class='ocrx_word' id='word_1_144' title='bbox 465 1727 542 1766; x_wconf 82' lang='lat' dir='ltr'><strong>jam</strong></span> <span class='ocrx_word' id='word_1_145' title='bbox 566 1733 670 1758; x_wconf 83' lang='lat' dir='ltr'><strong>trans</strong></span> <span class='ocrx_word' id='word_1_146' title='bbox 682 1725 853 1766; x_wconf 76' lang='lat' dir='ltr'><strong>fluvium,</strong></span> <span class='ocrx_word' id='word_1_147' title='bbox 876 1735 946 1756; x_wconf 90' lang='lat' dir='ltr'><strong>non</strong></span> <span class='ocrx_word' id='word_1_148' title='bbox 971 1725 1166 1765; x_wconf 82' lang='lat' dir='ltr'><strong>indignante</strong></span> <span class='ocrx_word' id='word_1_149' title='bbox 1194 1727 1318 1768; x_wconf 67' lang='lat' dir='ltr'><strong>cauco,</strong></span> 
     </span>
     <span class='ocr_line' id='line_1_26' title="bbox 396 1774 809 1814; baseline -0.005 -10"><span class='ocrx_word' id='word_1_150' title='bbox 396 1775 534 1806; x_wconf 78' lang='lat' dir='ltr'><strong>Pascat</strong></span> <span class='ocrx_word' id='word_1_151' title='bbox 556 1774 668 1814; x_wconf 80' lang='lat' dir='ltr'><em>Belga</em></span> <span class='ocrx_word' id='word_1_152' title='bbox 686 1781 809 1813; x_wconf 72' lang='lat' dir='ltr'><strong>pecus.</strong></span> 
     </span>
    </p>
   </div>
   <div class='ocr_carea' id='block_1_6' title="bbox 307 1821 1071 1901">
    <p class='ocr_par' dir='ltr' id='par_1_11' title="bbox 307 1821 1071 1901">
     <span class='ocr_line' id='line_1_27' title="bbox 307 1821 434 1852; baseline -0.008 0"><span class='ocrx_word' id='word_1_153' title='bbox 307 1821 353 1852; x_wconf 78' lang='lat' dir='ltr'><strong>Et</strong></span> <span class='ocrx_word' id='word_1_154' title='bbox 375 1822 434 1851; x_wconf 87' lang='lat'>111.</span> 
     </span>
     <span class='ocr_line' id='line_1_28' title="bbox 749 1862 1071 1901; baseline -0.003 -9"><span class='ocrx_word' id='word_1_155' title='bbox 749 1862 931 1892; x_wconf 68' lang='lat' dir='ltr'><strong>Mavortia</strong></span> <span class='ocrx_word' id='word_1_156' title='bbox 952 1862 1071 1901; x_wconf 62' lang='lat' dir='ltr'><strong>plebes</strong></span> 
     </span>
    </p>
   </div>
   <div class='ocr_carea' id='block_1_7' title="bbox 307 1907 1393 3290">
    <p class='ocr_par' dir='ltr' id='par_1_12' title="bbox 307 1907 1295 1995">
     <span class='ocr_line' id='line_1_29' title="bbox 404 1907 1295 1951; baseline -0.001 -10"><span class='ocrx_word' id='word_1_157' title='bbox 404 1911 450 1941; x_wconf 82' lang='lat' dir='ltr'><strong>Te</strong></span> <span class='ocrx_word' id='word_1_158' title='bbox 473 1911 661 1949; x_wconf 73' lang='lat' dir='ltr'><strong>dominum,</strong></span> <span class='ocrx_word' id='word_1_159' title='bbox 684 1908 797 1939; x_wconf 40' lang='lat' dir='ltr'><strong>Bruto&lt;</strong></span> <span class='ocrx_word' id='word_1_160' title='bbox 811 1917 881 1938; x_wconf 90' lang='lat' dir='ltr'><strong>non</strong></span> <span class='ocrx_word' id='word_1_161' title='bbox 905 1907 1122 1949; x_wconf 75' lang='lat' dir='ltr'><strong>indignante,</strong></span> <span class='ocrx_word' id='word_1_162' title='bbox 1138 1910 1295 1951; x_wconf 75' lang='lat' dir='ltr'><strong>fatetur.</strong></span> 
     </span>
     <span class='ocr_line' id='line_1_30' title="bbox 307 1955 832 1995; baseline -0.01 -6"><span class='ocrx_word' id='word_1_163' title='bbox 307 1957 434 1990; x_wconf 78' lang='lat' dir='ltr'><strong>Noster</strong></span> <span class='ocrx_word' id='word_1_164' title='bbox 460 1955 543 1987; x_wconf 71' lang='lat' dir='ltr'><strong>silv,</strong></span> <span class='ocrx_word' id='word_1_165' title='bbox 572 1957 624 1995; x_wconf 89' lang='lat' dir='ltr'><strong>v,</strong></span> <span class='ocrx_word' id='word_1_166' title='bbox 650 1957 680 1984; x_wconf 83' lang='lat' dir='ltr'><strong>l.</strong></span> <span class='ocrx_word' id='word_1_167' title='bbox 705 1963 735 1983; x_wconf 82' lang='lat' dir='ltr'><strong>v.</strong></span> <span class='ocrx_word' id='word_1_168' title='bbox 755 1955 832 1985; x_wconf 72' lang='lat'>234.</span> 
     </span>
    </p>

    <p class='ocr_par' dir='ltr' id='par_1_13' title="bbox 398 1997 1207 2041">
     <span class='ocr_line' id='line_1_31' title="bbox 398 1997 1207 2041; baseline -0.004 -9"><span class='ocrx_word' id='word_1_169' title='bbox 398 2002 589 2041; x_wconf 71' lang='lat' dir='ltr'><strong>Accipiunt</strong></span> <span class='ocrx_word' id='word_1_170' title='bbox 611 2001 727 2031; x_wconf 83' lang='lat' dir='ltr'><strong>vultus</strong></span> <span class='ocrx_word' id='word_1_171' title='bbox 750 2000 838 2030; x_wconf 83' lang='lat' dir='ltr'><strong>haud</strong></span> <span class='ocrx_word' id='word_1_172' title='bbox 864 1997 1039 2037; x_wconf 80' lang='lat' dir='ltr'><strong>indignata</strong></span> <span class='ocrx_word' id='word_1_173' title='bbox 1064 1999 1207 2032; x_wconf 71' lang='lat' dir='ltr'><strong>decoros</strong></span> 
     </span>
    </p>

    <p class='ocr_par' dir='ltr' id='par_1_14' title="bbox 307 2049 1393 2869">
     <span class='ocr_line' id='line_1_32' title="bbox 398 2049 562 2080; baseline -0.024 0"><span class='ocrx_word' id='word_1_174' title='bbox 398 2049 562 2080; x_wconf 68' lang='lat' dir='ltr'><strong>Numina.</strong></span> 
     </span>
     <span class='ocr_line' id='line_1_33' title="bbox 308 2089 1388 2131; baseline -0.004 -6"><span class='ocrx_word' id='word_1_175' title='bbox 308 2093 381 2124; x_wconf 81' lang='lat' dir='ltr'><strong>Hoc</strong></span> <span class='ocrx_word' id='word_1_176' title='bbox 415 2094 515 2125; x_wconf 90' lang='lat' dir='ltr'><strong>modo</strong></span> <span class='ocrx_word' id='word_1_177' title='bbox 547 2090 701 2131; x_wconf 80' lang='lat' dir='ltr'><strong>exsurgit</strong></span> <span class='ocrx_word' id='word_1_178' title='bbox 734 2099 853 2121; x_wconf 85' lang='lat' dir='ltr'><strong>sensus</strong></span> <span class='ocrx_word' id='word_1_179' title='bbox 873 2089 981 2122; x_wconf 78' lang='lat' dir='ltr'><strong>Statio</strong></span> <span class='ocrx_word' id='word_1_180' title='bbox 1008 2089 1148 2128; x_wconf 83' lang='lat' dir='ltr'><strong>dignus:</strong></span> <span class='ocrx_word' id='word_1_181' title='bbox 1189 2090 1273 2120; x_wconf 91' lang='lat' dir='ltr'><strong>nihil</strong></span> <span class='ocrx_word' id='word_1_182' title='bbox 1298 2090 1388 2121; x_wconf 87' lang='lat' dir='ltr'><strong>enim</strong></span> 
     </span>
     <span class='ocr_line' id='line_1_34' title="bbox 307 2135 1389 2175; baseline -0.004 -4"><span class='ocrx_word' id='word_1_183' title='bbox 307 2140 495 2171; x_wconf 64' lang='lat' dir='ltr'><strong>Fortunae&gt;</strong></span> <span class='ocrx_word' id='word_1_184' title='bbox 530 2148 603 2169; x_wconf 90' lang='lat' dir='ltr'><strong>cum</strong></span> <span class='ocrx_word' id='word_1_185' title='bbox 637 2139 891 2175; x_wconf 76' lang='lat' dir='ltr'><strong>adnu&#39;ratione‚·</strong></span> <span class='ocrx_word' id='word_1_186' title='bbox 943 2145 1006 2166; x_wconf 84' lang='lat' dir='ltr'><strong>nec</strong></span> <span class='ocrx_word' id='word_1_187' title='bbox 1042 2135 1164 2166; x_wconf 90' lang='lat' dir='ltr'><strong>dicitnr</strong></span> <span class='ocrx_word' id='word_1_188' title='bbox 1196 2137 1279 2167; x_wconf 80' lang='lat' dir='ltr'><strong>baec</strong></span> <span class='ocrx_word' id='word_1_189' title='bbox 1317 2139 1389 2168; x_wconf 84' lang='lat' dir='ltr'><strong>Dea</strong></span> 
     </span>
     <span class='ocr_line' id='line_1_35' title="bbox 308 2182 1387 2223; baseline -0.004 -6"><span class='ocrx_word' id='word_1_190' title='bbox 308 2187 483 2217; x_wconf 75' lang='lat' dir='ltr'><strong>admirari</strong></span> <span class='ocrx_word' id='word_1_191' title='bbox 504 2185 568 2216; x_wconf 85' lang='lat' dir='ltr'><strong>hoc</strong></span> <span class='ocrx_word' id='word_1_192' title='bbox 596 2185 650 2214; x_wconf 77' lang='lat' dir='ltr'><strong>vel</strong></span> <span class='ocrx_word' id='word_1_193' title='bbox 673 2183 757 2213; x_wconf 90' lang='lat' dir='ltr'><strong>illud</strong></span> <span class='ocrx_word' id='word_1_194' title='bbox 781 2182 955 2220; x_wconf 86' lang='lat' dir='ltr'><strong>evenisse;</strong></span> <span class='ocrx_word' id='word_1_195' title='bbox 993 2182 1052 2211; x_wconf 81' lang='lat' dir='ltr'><strong>sed</strong></span> <span class='ocrx_word' id='word_1_196' title='bbox 1075 2183 1129 2212; x_wconf 88' lang='lat' dir='ltr'><strong>vel</strong></span> <span class='ocrx_word' id='word_1_197' title='bbox 1154 2184 1387 2223; x_wconf 82' lang='lat' dir='ltr'><strong>comprobare,</strong></span> 
     </span>
     <span class='ocr_line' id='line_1_36' title="bbox 309 2228 1387 2270; baseline -0.004 -7"><span class='ocrx_word' id='word_1_198' title='bbox 309 2233 365 2262; x_wconf 88' lang='lat' dir='ltr'><strong>vel</strong></span> <span class='ocrx_word' id='word_1_199' title='bbox 399 2242 436 2263; x_wconf 81' lang='lat' dir='ltr'><strong>se</strong></span> <span class='ocrx_word' id='word_1_200' title='bbox 459 2240 629 2270; x_wconf 84' lang='lat' dir='ltr'><strong>opponere</strong></span> <span class='ocrx_word' id='word_1_201' title='bbox 655 2233 688 2259; x_wconf 90' lang='lat' dir='ltr'><strong>et</strong></span> <span class='ocrx_word' id='word_1_202' title='bbox 713 2231 899 2270; x_wconf 67' lang='lat' dir='ltr'><strong>indignari.</strong></span> <span class='ocrx_word' id='word_1_203' title='bbox 948 2229 992 2258; x_wconf 87' lang='lat' dir='ltr'><strong>Et</strong></span> <span class='ocrx_word' id='word_1_204' title='bbox 1016 2228 1093 2258; x_wconf 87' lang='lat' dir='ltr'><strong>vide</strong></span> <span class='ocrx_word' id='word_1_205' title='bbox 1118 2232 1243 2266; x_wconf 83' lang='lat' dir='ltr'><strong>quanta</strong></span> <span class='ocrx_word' id='word_1_206' title='bbox 1268 2229 1311 2259; x_wconf 88' lang='lat' dir='ltr'><strong>sit</strong></span> <span class='ocrx_word' id='word_1_207' title='bbox 1337 2229 1387 2259; x_wconf 88' lang='lat' dir='ltr'><strong>vis</strong></span> 
     </span>
     <span class='ocr_line' id='line_1_37' title="bbox 308 2273 1389 2309; baseline -0.003 0"><span class='ocrx_word' id='word_1_208' title='bbox 308 2278 462 2309; x_wconf 76' lang='lat' dir='ltr'><strong>veritatis</strong></span> <span class='ocrx_word' id='word_1_209' title='bbox 494 2280 528 2307; x_wconf 86' lang='lat' dir='ltr'><strong>et</strong></span> <span class='ocrx_word' id='word_1_210' title='bbox 559 2284 678 2306; x_wconf 87' lang='lat' dir='ltr'><strong>sensus</strong></span> <span class='ocrx_word' id='word_1_211' title='bbox 708 2274 913 2306; x_wconf 84' lang='lat' dir='ltr'><strong>communis:</strong></span> <span class='ocrx_word' id='word_1_212' title='bbox 958 2274 1041 2304; x_wconf 83' lang='lat' dir='ltr'><strong>haec</strong></span> <span class='ocrx_word' id='word_1_213' title='bbox 1064 2273 1152 2304; x_wconf 85' lang='lat' dir='ltr'><strong>enim</strong></span> <span class='ocrx_word' id='word_1_214' title='bbox 1179 2275 1278 2305; x_wconf 83' lang='lat' dir='ltr'><strong>lectio</strong></span> <span class='ocrx_word' id='word_1_215' title='bbox 1302 2278 1389 2306; x_wconf 70' lang='lat' dir='ltr'><strong>Gro-</strong></span> 
     </span>
     <span class='ocr_line' id='line_1_38' title="bbox 308 2319 1387 2362; baseline -0.002 -7"><span class='ocrx_word' id='word_1_216' title='bbox 308 2324 412 2355; x_wconf 84' lang='lat' dir='ltr'><strong>novio</strong></span> <span class='ocrx_word' id='word_1_217' title='bbox 436 2323 527 2354; x_wconf 92' lang='lat' dir='ltr'><strong>aliud</strong></span> <span class='ocrx_word' id='word_1_218' title='bbox 553 2322 665 2362; x_wconf 84' lang='lat' dir='ltr'><strong>agenti</strong></span> <span class='ocrx_word' id='word_1_219' title='bbox 692 2331 729 2352; x_wconf 86' lang='lat' dir='ltr'><strong>se</strong></span> <span class='ocrx_word' id='word_1_220' title='bbox 755 2321 918 2352; x_wconf 75' lang='lat' dir='ltr'><strong>obtrusit:</strong></span> <span class='ocrx_word' id='word_1_221' title='bbox 945 2319 992 2350; x_wconf 87' lang='lat' dir='ltr'><strong>ita</strong></span> <span class='ocrx_word' id='word_1_222' title='bbox 1019 2320 1141 2359; x_wconf 87' lang='lat' dir='ltr'><strong>quippe</strong></span> <span class='ocrx_word' id='word_1_223' title='bbox 1167 2321 1263 2352; x_wconf 82' lang='lat' dir='ltr'><strong>citari</strong></span> <span class='ocrx_word' id='word_1_224' title='bbox 1288 2321 1387 2353; x_wconf 81' lang='lat' dir='ltr'><strong>video</strong></span> 
     </span>
     <span class='ocr_line' id='line_1_39' title="bbox 309 2366 1387 2405; baseline -0.003 -4"><span class='ocrx_word' id='word_1_225' title='bbox 309 2369 419 2402; x_wconf 88' lang='lat' dir='ltr'><strong>Diatr.</strong></span> <span class='ocrx_word' id='word_1_226' title='bbox 463 2380 491 2400; x_wconf 88' lang='lat' dir='ltr'><strong>c.</strong></span> <span class='ocrx_word' id='word_1_227' title='bbox 538 2369 614 2399; x_wconf 81' lang='grc' dir='ltr'><strong>ΧΠ.</strong></span> <span class='ocrx_word' id='word_1_228' title='bbox 656 2368 711 2397; x_wconf 87' lang='lat' dir='ltr'><strong>ubi</strong></span> <span class='ocrx_word' id='word_1_229' title='bbox 748 2368 814 2398; x_wconf 82' lang='lat' dir='ltr'><strong>alia</strong></span> <span class='ocrx_word' id='word_1_230' title='bbox 852 2375 951 2398; x_wconf 81' lang='lat' dir='ltr'><strong>causa</strong></span> <span class='ocrx_word' id='word_1_231' title='bbox 986 2366 1074 2396; x_wconf 88' lang='lat' dir='ltr'><strong>huuc</strong></span> <span class='ocrx_word' id='word_1_232' title='bbox 1108 2366 1219 2397; x_wconf 86' lang='lat' dir='ltr'><strong>locum</strong></span> <span class='ocrx_word' id='word_1_233' title='bbox 1256 2368 1387 2405; x_wconf 81' lang='lat' dir='ltr'><strong>adfert3</strong></span> 
     </span>
     <span class='ocr_line' id='line_1_40' title="bbox 310 2411 1388 2455; baseline -0.002 -9"><span class='ocrx_word' id='word_1_234' title='bbox 310 2425 373 2446; x_wconf 89' lang='lat' dir='ltr'><strong>nec</strong></span> <span class='ocrx_word' id='word_1_235' title='bbox 399 2415 455 2447; x_wconf 82' lang='lat' dir='ltr'><strong>vel</strong></span> <span class='ocrx_word' id='word_1_236' title='bbox 480 2414 543 2455; x_wconf 90' lang='lat' dir='ltr'><strong>ibi,</strong></span> <span class='ocrx_word' id='word_1_237' title='bbox 570 2415 624 2445; x_wconf 83' lang='lat' dir='ltr'><strong>vel</strong></span> <span class='ocrx_word' id='word_1_238' title='bbox 652 2414 730 2444; x_wconf 89' lang='lat' dir='ltr'><strong>alibi</strong></span> <span class='ocrx_word' id='word_1_239' title='bbox 756 2413 909 2452; x_wconf 81' lang='lat' dir='ltr'><strong>uspiam,</strong></span> <span class='ocrx_word' id='word_1_240' title='bbox 947 2412 1038 2450; x_wconf 90' lang='lat' dir='ltr'><strong>quod</strong></span> <span class='ocrx_word' id='word_1_241' title='bbox 1058 2411 1149 2452; x_wconf 89' lang='lat' dir='ltr'><strong>seio,</strong></span> <span class='ocrx_word' id='word_1_242' title='bbox 1182 2413 1388 2446; x_wconf 79' lang='lat' dir='ltr'><strong>mentionem</strong></span> 
     </span>
     <span class='ocr_line' id='line_1_41' title="bbox 310 2459 1389 2500; baseline 0 -10"><span class='ocrx_word' id='word_1_243' title='bbox 310 2461 390 2493; x_wconf 75' lang='lat' dir='ltr'><strong>facit</strong></span> <span class='ocrx_word' id='word_1_244' title='bbox 413 2471 450 2493; x_wconf 72' lang='lat' dir='ltr'><strong>se</strong></span> <span class='ocrx_word' id='word_1_245' title='bbox 474 2461 562 2491; x_wconf 87' lang='lat' dir='ltr'><strong>huuc</strong></span> <span class='ocrx_word' id='word_1_246' title='bbox 589 2462 701 2492; x_wconf 87' lang='lat' dir='ltr'><strong>locum</strong></span> <span class='ocrx_word' id='word_1_247' title='bbox 725 2460 772 2491; x_wconf 87' lang='lat' dir='ltr'><strong>ita</strong></span> <span class='ocrx_word' id='word_1_248' title='bbox 792 2461 905 2500; x_wconf 88' lang='lat' dir='ltr'><strong>legere</strong></span> <span class='ocrx_word' id='word_1_249' title='bbox 928 2459 1061 2489; x_wconf 85' lang='lat' dir='ltr'><strong>solere:</strong></span> <span class='ocrx_word' id='word_1_250' title='bbox 1096 2467 1158 2489; x_wconf 87' lang='lat' dir='ltr'><strong>nec</strong></span> <span class='ocrx_word' id='word_1_251' title='bbox 1183 2459 1282 2489; x_wconf 69' lang='lat' dir='ltr'><strong>aliam</strong></span> <span class='ocrx_word' id='word_1_252' title='bbox 1309 2470 1389 2491; x_wconf 86' lang='lat' dir='ltr'><strong>cau-</strong></span> 
     </span>
     <span class='ocr_line' id='line_1_42' title="bbox 309 2504 1389 2548; baseline -0.002 -10"><span class='ocrx_word' id='word_1_253' title='bbox 309 2517 402 2548; x_wconf 88' lang='lat' dir='ltr'><strong>sam,</strong></span> <span class='ocrx_word' id='word_1_254' title='bbox 445 2507 587 2548; x_wconf 83' lang='lat' dir='ltr'><strong>opinor,</strong></span> <span class='ocrx_word' id='word_1_255' title='bbox 629 2506 744 2536; x_wconf 86' lang='lat' dir='ltr'><strong>babuit</strong></span> <span class='ocrx_word' id='word_1_256' title='bbox 777 2506 824 2536; x_wconf 87' lang='lat' dir='ltr'><strong>ita</strong></span> <span class='ocrx_word' id='word_1_257' title='bbox 850 2504 1004 2544; x_wconf 86' lang='lat' dir='ltr'><strong>legendi,</strong></span> <span class='ocrx_word' id='word_1_258' title='bbox 1049 2505 1141 2545; x_wconf 87' lang='lat' dir='ltr'><strong>(cnm</strong></span> <span class='ocrx_word' id='word_1_259' title='bbox 1167 2505 1331 2537; x_wconf 76' lang='lat' dir='ltr'><strong>editiones</strong></span> <span class='ocrx_word' id='word_1_260' title='bbox 1354 2507 1389 2536; x_wconf 92' lang='lat' dir='ltr'><strong>et</strong></span> 
     </span>
     <span class='ocr_line' id='line_1_43' title="bbox 310 2550 1389 2591; baseline 0 -8"><span class='ocrx_word' id='word_1_261' title='bbox 310 2555 409 2585; x_wconf 81' lang='lat' dir='ltr'><strong>MSS.</strong></span> <span class='ocrx_word' id='word_1_262' title='bbox 447 2553 483 2583; x_wconf 87' lang='lat' dir='ltr'><strong>in</strong></span> <span class='ocrx_word' id='word_1_263' title='bbox 514 2554 577 2584; x_wconf 85' lang='lat' dir='ltr'><strong>hac</strong></span> <span class='ocrx_word' id='word_1_264' title='bbox 610 2561 695 2583; x_wconf 90' lang='lat' dir='ltr'><strong>voce</strong></span> <span class='ocrx_word' id='word_1_265' title='bbox 728 2554 928 2583; x_wconf 78' lang='lat' dir='ltr'><strong>admirante</strong></span> <span class='ocrx_word' id='word_1_266' title='bbox 955 2550 1183 2590; x_wconf 81' lang='lat' dir='ltr'><strong>consentiant)</strong></span> <span class='ocrx_word' id='word_1_267' title='bbox 1208 2552 1272 2581; x_wconf 84' lang='lat' dir='ltr'><strong>nisi</strong></span> <span class='ocrx_word' id='word_1_268' title='bbox 1301 2553 1389 2591; x_wconf 91' lang='lat' dir='ltr'><strong>quod</strong></span> 
     </span>
     <span class='ocr_line' id='line_1_44' title="bbox 313 2597 1391 2637; baseline -0.001 -7"><span class='ocrx_word' id='word_1_269' title='bbox 313 2600 439 2630; x_wconf 84' lang='lat' dir='ltr'><strong>Sensus</strong></span> <span class='ocrx_word' id='word_1_270' title='bbox 470 2607 531 2630; x_wconf 85' lang='lat' dir='ltr'><strong>sna</strong></span> <span class='ocrx_word' id='word_1_271' title='bbox 562 2600 682 2637; x_wconf 87' lang='lat' dir='ltr'><strong>sponte</strong></span> <span class='ocrx_word' id='word_1_272' title='bbox 701 2598 795 2629; x_wconf 88' lang='lat' dir='ltr'><strong>illum</strong></span> <span class='ocrx_word' id='word_1_273' title='bbox 821 2607 861 2629; x_wconf 91' lang='lat' dir='ltr'><strong>eo</strong></span> <span class='ocrx_word' id='word_1_274' title='bbox 886 2597 1047 2627; x_wconf 87' lang='lat' dir='ltr'><strong>ducebat:</strong></span> <span class='ocrx_word' id='word_1_275' title='bbox 1089 2598 1177 2635; x_wconf 88' lang='lat' dir='ltr'><strong>quod</strong></span> <span class='ocrx_word' id='word_1_276' title='bbox 1198 2601 1233 2628; x_wconf 86' lang='lat' dir='ltr'><strong>et</strong></span> <span class='ocrx_word' id='word_1_277' title='bbox 1257 2598 1298 2628; x_wconf 92' lang='lat' dir='ltr'><strong>de</strong></span> <span class='ocrx_word' id='word_1_278' title='bbox 1324 2608 1391 2629; x_wconf 84' lang='lat' dir='ltr'><strong>me-</strong></span> 
     </span>
     <span class='ocr_line' id='line_1_45' title="bbox 312 2643 1392 2683; baseline 0 -8"><span class='ocrx_word' id='word_1_279' title='bbox 312 2643 388 2683; x_wconf 84' lang='lat' dir='ltr'><strong>ipso</strong></span> <span class='ocrx_word' id='word_1_280' title='bbox 419 2645 584 2675; x_wconf 79' lang='lat' dir='ltr'><strong>affirmare</strong></span> <span class='ocrx_word' id='word_1_281' title='bbox 615 2653 774 2682; x_wconf 89' lang='lat' dir='ltr'><strong>possum;</strong></span> <span class='ocrx_word' id='word_1_282' title='bbox 816 2643 930 2675; x_wconf 84' lang='lat' dir='ltr'><strong>omnia</strong></span> <span class='ocrx_word' id='word_1_283' title='bbox 963 2643 1050 2673; x_wconf 89' lang='lat' dir='ltr'><strong>enim</strong></span> <span class='ocrx_word' id='word_1_284' title='bbox 1076 2643 1150 2674; x_wconf 85' lang='lat' dir='ltr'><strong>loca</strong></span> <span class='ocrx_word' id='word_1_285' title='bbox 1177 2653 1262 2681; x_wconf 84' lang='lat' dir='ltr'><strong>quae</strong></span> <span class='ocrx_word' id='word_1_286' title='bbox 1288 2643 1392 2675; x_wconf 81' lang='lat' dir='ltr'><strong>citavi</strong></span> 
     </span>
     <span class='ocr_line' id='line_1_46' title="bbox 313 2689 1390 2728; baseline 0 -8"><span class='ocrx_word' id='word_1_287' title='bbox 313 2690 553 2721; x_wconf 67' lang='lat' dir='ltr'><strong>adnotaveram</strong></span> <span class='ocrx_word' id='word_1_288' title='bbox 588 2692 765 2728; x_wconf 86' lang='lat' dir='ltr'><strong>antequam</strong></span> <span class='ocrx_word' id='word_1_289' title='bbox 790 2690 824 2720; x_wconf 90' lang='lat' dir='ltr'><strong>in</strong></span> <span class='ocrx_word' id='word_1_290' title='bbox 857 2691 922 2721; x_wconf 86' lang='lat' dir='ltr'><strong>boc</strong></span> <span class='ocrx_word' id='word_1_291' title='bbox 947 2689 1120 2720; x_wconf 81' lang='lat' dir='ltr'><strong>fortuitum</strong></span> <span class='ocrx_word' id='word_1_292' title='bbox 1147 2690 1309 2721; x_wconf 88' lang='lat' dir='ltr'><strong>Gronovii</strong></span> <span class='ocrx_word' id='word_1_293' title='bbox 1337 2691 1390 2721; x_wconf 91' lang='lat' dir='ltr'><strong>in-</strong></span> 
     </span>
     <span class='ocr_line' id='line_1_47' title="bbox 313 2735 1392 2774; baseline 0.001 -8"><span class='ocrx_word' id='word_1_294' title='bbox 313 2735 390 2767; x_wconf 89' lang='lat' dir='ltr'><strong>cidi.</strong></span> <span class='ocrx_word' id='word_1_295' title='bbox 435 2735 532 2766; x_wconf 82' lang='lat' dir='ltr'><strong>Licet</strong></span> <span class='ocrx_word' id='word_1_296' title='bbox 568 2743 650 2765; x_wconf 81' lang='lat' dir='ltr'><strong>vero</strong></span> <span class='ocrx_word' id='word_1_297' title='bbox 689 2735 732 2765; x_wconf 88' lang='lat' dir='ltr'><strong>ad</strong></span> <span class='ocrx_word' id='word_1_298' title='bbox 762 2737 851 2766; x_wconf 82' lang='lat' dir='ltr'><strong>hunc</strong></span> <span class='ocrx_word' id='word_1_299' title='bbox 882 2745 1015 2766; x_wconf 86' lang='lat' dir='ltr'><strong>sensum</strong></span> <span class='ocrx_word' id='word_1_300' title='bbox 1050 2735 1225 2774; x_wconf 76' lang='lat' dir='ltr'><strong>scripsisse</strong></span> <span class='ocrx_word' id='word_1_301' title='bbox 1250 2736 1392 2768; x_wconf 78' lang='lat' dir='ltr'><strong>Statium</strong></span> 
     </span>
     <span class='ocr_line' id='line_1_48' title="bbox 312 2780 1393 2818; baseline 0.002 -6"><span class='ocrx_word' id='word_1_302' title='bbox 312 2781 449 2812; x_wconf 88' lang='lat' dir='ltr'><strong>minime</strong></span> <span class='ocrx_word' id='word_1_303' title='bbox 490 2780 656 2818; x_wconf 83' lang='lat' dir='ltr'><strong>dubitem,</strong></span> <span class='ocrx_word' id='word_1_304' title='bbox 697 2781 760 2811; x_wconf 88' lang='lat' dir='ltr'><strong>hac</strong></span> <span class='ocrx_word' id='word_1_305' title='bbox 794 2784 906 2812; x_wconf 82' lang='lat' dir='ltr'><strong>tamen</strong></span> <span class='ocrx_word' id='word_1_306' title='bbox 938 2791 1024 2812; x_wconf 80' lang='lat' dir='ltr'><strong>voce</strong></span> <span class='ocrx_word' id='word_1_307' title='bbox 1057 2790 1155 2812; x_wconf 88' lang='lat' dir='ltr'><strong>usum</strong></span> <span class='ocrx_word' id='word_1_308' title='bbox 1183 2783 1288 2813; x_wconf 80' lang='lat' dir='ltr'><strong>fuisse</strong></span> <span class='ocrx_word' id='word_1_309' title='bbox 1322 2792 1393 2814; x_wconf 87' lang='lat' dir='ltr'><strong>non</strong></span> 
     </span>
     <span class='ocr_line' id='line_1_49' title="bbox 313 2826 1173 2869; baseline -0.001 -10"><span class='ocrx_word' id='word_1_310' title='bbox 313 2827 441 2869; x_wconf 66' lang='lat' dir='ltr'><strong>credo,</strong></span> <span class='ocrx_word' id='word_1_311' title='bbox 467 2836 541 2857; x_wconf 90' lang='lat' dir='ltr'><strong>cum</strong></span> <span class='ocrx_word' id='word_1_312' title='bbox 565 2826 753 2865; x_wconf 84' lang='lat' dir='ltr'><strong>proximior</strong></span> <span class='ocrx_word' id='word_1_313' title='bbox 775 2826 840 2866; x_wconf 81' lang='lat' dir='ltr'><strong>sit,</strong></span> <span class='ocrx_word' id='word_1_314' title='bbox 864 2829 899 2856; x_wconf 87' lang='lat' dir='ltr'><strong>et</strong></span> <span class='ocrx_word' id='word_1_315' title='bbox 923 2836 1030 2865; x_wconf 87' lang='lat' dir='ltr'><strong>aeque</strong></span> <span class='ocrx_word' id='word_1_316' title='bbox 1056 2829 1173 2869; x_wconf 83' lang='lat' dir='ltr'><strong>proha,</strong></span> 
     </span>
    </p>

    <p class='ocr_par' dir='ltr' id='par_1_15' title="bbox 447 2871 1118 2912">
     <span class='ocr_line' id='line_1_50' title="bbox 447 2871 1118 2912; baseline -0.001 -8"><span class='ocrx_word' id='word_1_317' title='bbox 447 2872 610 2904; x_wconf 79' lang='lat' dir='ltr'><strong>Fortuna</strong></span> <span class='ocrx_word' id='word_1_318' title='bbox 634 2881 705 2902; x_wconf 83' lang='lat' dir='ltr'><strong>non</strong></span> <span class='ocrx_word' id='word_1_319' title='bbox 730 2871 954 2912; x_wconf 75' lang='lat' dir='ltr'><strong>adversante,</strong></span> <span class='ocrx_word' id='word_1_320' title='bbox 982 2873 1118 2903; x_wconf 71' lang='lat' dir='ltr'><strong>subisti.</strong></span> 
     </span>
    </p>

    <p class='ocr_par' dir='ltr' id='par_1_16' title="bbox 307 2927 1392 3290">
     <span class='ocr_line' id='line_1_51' title="bbox 313 2927 1391 2968; baseline -0.001 -5"><span class='ocrx_word' id='word_1_321' title='bbox 313 2933 436 2963; x_wconf 83' lang='lat' dir='ltr'><strong>Notum</strong></span> <span class='ocrx_word' id='word_1_322' title='bbox 469 2939 550 2960; x_wconf 89' lang='lat' dir='ltr'><strong>vero</strong></span> <span class='ocrx_word' id='word_1_323' title='bbox 575 2930 626 2959; x_wconf 89' lang='lat' dir='ltr'><strong>est</strong></span> <span class='ocrx_word' id='word_1_324' title='bbox 648 2927 762 2958; x_wconf 86' lang='lat' dir='ltr'><strong>literas</strong></span> <span class='ocrx_word' id='word_1_325' title='bbox 787 2938 807 2958; x_wconf 83' lang='lat' dir='ltr'><em>v</em></span> <span class='ocrx_word' id='word_1_326' title='bbox 832 2930 866 2958; x_wconf 92' lang='lat' dir='ltr'><strong>et</strong></span> <span class='ocrx_word' id='word_1_327' title='bbox 889 2939 942 2968; x_wconf 79' lang='lat' dir='ltr'><strong>m,</strong></span> <span class='ocrx_word' id='word_1_328' title='bbox 974 2931 990 2958; x_wconf 71' lang='grc' dir='ltr'><strong>ι·</strong></span> <span class='ocrx_word' id='word_1_329' title='bbox 1013 2931 1047 2958; x_wconf 89' lang='lat' dir='ltr'><strong>ct</strong></span> <span class='ocrx_word' id='word_1_330' title='bbox 1068 2939 1086 2959; x_wconf 84' lang='lat' dir='ltr'><strong>e</strong></span> <span class='ocrx_word' id='word_1_331' title='bbox 1112 2933 1278 2968; x_wconf 85' lang='lat' dir='ltr'><strong>perpetuo</strong></span> <span class='ocrx_word' id='word_1_332' title='bbox 1303 2930 1391 2962; x_wconf 90' lang='lat' dir='ltr'><strong>inter</strong></span> 
     </span>
     <span class='ocr_line' id='line_1_52' title="bbox 313 2973 1390 3014; baseline -0.002 -5"><span class='ocrx_word' id='word_1_333' title='bbox 313 2987 351 3009; x_wconf 83' lang='lat' dir='ltr'><strong>se</strong></span> <span class='ocrx_word' id='word_1_334' title='bbox 382 2977 526 3008; x_wconf 77' lang='lat' dir='ltr'><strong>invicem</strong></span> <span class='ocrx_word' id='word_1_335' title='bbox 560 2973 767 3006; x_wconf 85' lang='lat' dir='ltr'><strong>commutari.</strong></span> <span class='ocrx_word' id='word_1_336' title='bbox 798 2983 866 3004; x_wconf 81' lang='lat' dir='ltr'><strong>non</strong></span> <span class='ocrx_word' id='word_1_337' title='bbox 902 2975 1131 3014; x_wconf 79' lang='lat' dir='ltr'><strong>adversante,</strong></span> <span class='ocrx_word' id='word_1_338' title='bbox 1182 2978 1219 3005; x_wconf 90' lang='lat' dir='ltr'><strong>ut</strong></span> <span class='ocrx_word' id='word_1_339' title='bbox 1254 2977 1390 3007; x_wconf 75' lang='lat' dir='ltr'><strong>Tacitus</strong></span> 
     </span>
     <span class='ocr_line' id='line_1_53' title="bbox 311 3020 1390 3060; baseline -0.003 -5"><span class='ocrx_word' id='word_1_340' title='bbox 311 3024 435 3057; x_wconf 81' lang='lat' dir='ltr'><strong>Annal.</strong></span> <span class='ocrx_word' id='word_1_341' title='bbox 467 3022 561 3052; x_wconf 85' lang='lat' dir='ltr'><strong>Xlll.</strong></span> <span class='ocrx_word' id='word_1_342' title='bbox 597 3029 641 3051; x_wconf 88' lang='lat' dir='ltr'><strong>ne</strong></span> <span class='ocrx_word' id='word_1_343' title='bbox 666 3021 898 3051; x_wconf 69' lang='lat' dir='ltr'><strong>severioribus</strong></span> <span class='ocrx_word' id='word_1_344' title='bbox 927 3020 1058 3060; x_wconf 73' lang='lat' dir='ltr'><strong>quidem</strong></span> <span class='ocrx_word' id='word_1_345' title='bbox 1078 3022 1248 3059; x_wconf 70' lang='lat' dir='ltr'><strong>principis</strong></span> <span class='ocrx_word' id='word_1_346' title='bbox 1273 3022 1390 3052; x_wconf 87' lang='lat' dir='ltr'><strong>amicis</strong></span> 
     </span>
     <span class='ocr_line' id='line_1_54' title="bbox 312 3064 1392 3105; baseline -0.004 -3"><span class='ocrx_word' id='word_1_347' title='bbox 312 3067 580 3102; x_wconf 79' lang='lat' dir='ltr'><strong>adversantibus.</strong></span> <span class='ocrx_word' id='word_1_348' title='bbox 636 3066 726 3096; x_wconf 86' lang='lat' dir='ltr'><strong>Idem</strong></span> <span class='ocrx_word' id='word_1_349' title='bbox 755 3065 840 3098; x_wconf 83' lang='lat' dir='ltr'><strong>llist.</strong></span> <span class='ocrx_word' id='word_1_350' title='bbox 866 3067 926 3105; x_wconf 83' lang='grc'><strong>111,</strong></span> <span class='ocrx_word' id='word_1_351' title='bbox 948 3065 1005 3095; x_wconf 81' lang='grc'><strong>42.</strong></span> <span class='ocrx_word' id='word_1_352' title='bbox 1032 3064 1166 3096; x_wconf 69' lang='lat' dir='ltr'><strong>Fabius</strong></span> <span class='ocrx_word' id='word_1_353' title='bbox 1196 3066 1342 3104; x_wconf 75' lang='lat' dir='ltr'><strong>Valens,</strong></span> <span class='ocrx_word' id='word_1_354' title='bbox 1373 3077 1392 3098; x_wconf 88' lang='lat' dir='ltr'><strong>e</strong></span> 
     </span>
     <span class='ocr_line' id='line_1_55' title="bbox 311 3111 1390 3153; baseline -0.005 -5"><span class='ocrx_word' id='word_1_355' title='bbox 311 3118 392 3148; x_wconf 68' lang='lat' dir='ltr'><strong>sinu</strong></span> <span class='ocrx_word' id='word_1_356' title='bbox 416 3115 575 3152; x_wconf 74' lang='lat' dir='ltr'><strong>Pisano,</strong></span> <span class='ocrx_word' id='word_1_357' title='bbox 612 3114 763 3153; x_wconf 72' lang='lat' dir='ltr'><strong>segnitia</strong></span> <span class='ocrx_word' id='word_1_358' title='bbox 786 3113 894 3142; x_wconf 69' lang='lat' dir='ltr'><strong>maris</strong></span> <span class='ocrx_word' id='word_1_359' title='bbox 929 3116 994 3141; x_wconf 87' lang='lat' dir='ltr'><strong>aut</strong></span> <span class='ocrx_word' id='word_1_360' title='bbox 1028 3111 1229 3142; x_wconf 79' lang='lat' dir='ltr'><strong>adversante</strong></span> <span class='ocrx_word' id='word_1_361' title='bbox 1275 3114 1390 3153; x_wconf 90' lang='lat' dir='ltr'><strong>vento,</strong></span> 
     </span>
     <span class='ocr_line' id='line_1_56' title="bbox 307 3157 1390 3202; baseline -0.004 -10"><span class='ocrx_word' id='word_1_362' title='bbox 307 3167 448 3202; x_wconf 66' lang='lat' dir='ltr'><strong>portum</strong></span> <span class='ocrx_word' id='word_1_363' title='bbox 484 3158 651 3190; x_wconf 78' lang='lat' dir='ltr'><strong>Herculis</strong></span> <span class='ocrx_word' id='word_1_364' title='bbox 687 3158 846 3188; x_wconf 67' lang='lat' dir='ltr'><strong>Monoeci</strong></span> <span class='ocrx_word' id='word_1_365' title='bbox 890 3157 1087 3196; x_wconf 73' lang='lat' dir='ltr'><strong>depellitur.</strong></span> <span class='ocrx_word' id='word_1_366' title='bbox 1144 3157 1265 3188; x_wconf 82' lang='lat' dir='ltr'><strong>Cicero</strong></span> <span class='ocrx_word' id='word_1_367' title='bbox 1298 3159 1390 3189; x_wconf 81' lang='lat' dir='ltr'><strong>Offic.</strong></span> 
     </span>
     <span class='ocr_line' id='line_1_57' title="bbox 313 3202 1390 3248; baseline -0.005 -9"><span class='ocrx_word' id='word_1_368' title='bbox 313 3209 382 3248; x_wconf 89' lang='grc' dir='ltr'>ΙΙΙ,</span> <span class='ocrx_word' id='word_1_369' title='bbox 409 3208 461 3238; x_wconf 83' lang='grc'><strong>19.</strong></span> <span class='ocrx_word' id='word_1_370' title='bbox 486 3206 688 3237; x_wconf 81' lang='lat' dir='ltr'><strong>adversante</strong></span> <span class='ocrx_word' id='word_1_371' title='bbox 715 3209 750 3235; x_wconf 88' lang='lat' dir='ltr'><strong>et</strong></span> <span class='ocrx_word' id='word_1_372' title='bbox 774 3207 989 3244; x_wconf 81' lang='lat' dir='ltr'><strong>repugnante</strong></span> <span class='ocrx_word' id='word_1_373' title='bbox 1013 3204 1145 3234; x_wconf 85' lang='lat' dir='ltr'><strong>natura.</strong></span> <span class='ocrx_word' id='word_1_374' title='bbox 1171 3202 1326 3235; x_wconf 82' lang='lat' dir='ltr'><strong>similiter</strong></span> <span class='ocrx_word' id='word_1_375' title='bbox 1349 3204 1390 3234; x_wconf 92' lang='lat' dir='ltr'><strong>de</strong></span> 
     </span>
     <span class='ocr_line' id='line_1_58' title="bbox 312 3248 1391 3290; baseline -0.007 -5"><span class='ocrx_word' id='word_1_376' title='bbox 312 3253 446 3287; x_wconf 56' lang='lat' dir='ltr'><strong>&amp;nect</strong></span> <span class='ocrx_word' id='word_1_377' title='bbox 484 3262 512 3286; x_wconf 83' lang='lat' dir='ltr'><strong>c.</strong></span> <span class='ocrx_word' id='word_1_378' title='bbox 549 3251 602 3283; x_wconf 78' lang='lat'><strong>1⁹.</strong></span> <span class='ocrx_word' id='word_1_379' title='bbox 630 3251 706 3281; x_wconf 79' lang='lat' dir='ltr'><strong>Hoc</strong></span> <span class='ocrx_word' id='word_1_380' title='bbox 734 3248 849 3290; x_wconf 79' lang='lat' dir='ltr'><strong>igitur·</strong></span> <span class='ocrx_word' id='word_1_381' title='bbox 868 3249 1016 3281; x_wconf 75' lang='lat' dir='ltr'><strong>maxime</strong></span> <span class='ocrx_word' id='word_1_382' title='bbox 1036 3248 1161 3289; x_wconf 67' lang='lat' dir='ltr'><strong>placeta</strong></span> <span class='ocrx_word' id='word_1_383' title='bbox 1185 3249 1312 3282; x_wconf 79' lang='lat' dir='ltr'><strong>Eadem</strong></span> <span class='ocrx_word' id='word_1_384' title='bbox 1344 3249 1391 3281; x_wconf 85' lang='lat' dir='ltr'><strong>di.</strong></span> 
     </span>
    </p>
   </div>
   <div class='ocr_carea' id='block_1_8' title="bbox 1131 427 1698 481">
    <p class='ocr_par' dir='ltr' id='par_1_17' title="bbox 1131 427 1698 481">
     <span class='ocr_line' id='line_1_59' title="bbox 1131 427 1698 481; baseline 0 -5"><span class='ocrx_word' id='word_1_385' title='bbox 1131 427 1320 476; x_wconf 66' lang='lat' dir='ltr'><strong>Nom:</strong></span> <span class='ocrx_word' id='word_1_386' title='bbox 1351 439 1431 475; x_wconf 76' lang='lat' dir='ltr'><strong>Ao·</strong></span> <span class='ocrx_word' id='word_1_387' title='bbox 1454 427 1558 481; x_wconf 74' lang='lat' dir='ltr'><strong>Lm.</strong></span> <span class='ocrx_word' id='word_1_388' title='bbox 1584 429 1618 477; x_wconf 85' lang='lat'><strong>1.</strong></span> <span class='ocrx_word' id='word_1_389' title='bbox 1652 434 1698 476; x_wconf 82' lang='grc'><strong>4.</strong></span> 
     </span>
    </p>
   </div>
   <div class='ocr_carea' id='block_1_9' title="bbox 2438 433 2549 482">
    <p class='ocr_par' dir='ltr' id='par_1_18' title="bbox 2438 433 2549 482">
     <span class='ocr_line' id='line_1_60' title="bbox 2438 433 2549 482; baseline -0.018 0"><span class='ocrx_word' id='word_1_390' title='bbox 2438 433 2549 482; x_wconf 68' lang='lat'><strong>205</strong></span> 
     </span>
    </p>
   </div>
   <div class='ocr_carea' id='block_1_10' title="bbox 1462 552 2550 870">
    <p class='ocr_par' dir='ltr' id='par_1_19' title="bbox 1462 552 2550 870">
     <span class='ocr_line' id='line_1_61' title="bbox 1463 552 2550 595; baseline 0.004 -12"><span class='ocrx_word' id='word_1_391' title='bbox 1463 553 1607 584; x_wconf 76' lang='lat' dir='ltr'><strong>versitas</strong></span> <span class='ocrx_word' id='word_1_392' title='bbox 1638 554 1728 593; x_wconf 88' lang='lat' dir='ltr'><strong>apud</strong></span> <span class='ocrx_word' id='word_1_393' title='bbox 1751 552 1848 584; x_wconf 79' lang='lat' dir='ltr'><strong>ovid.</strong></span> <span class='ocrx_word' id='word_1_394' title='bbox 1871 553 1964 587; x_wconf 80' lang='lat' dir='ltr'><strong>Fast.</strong></span> <span class='ocrx_word' id='word_1_395' title='bbox 1990 554 2027 595; x_wconf 89' lang='lat'><strong>1,</strong></span> <span class='ocrx_word' id='word_1_396' title='bbox 2053 556 2085 586; x_wconf 83' lang='grc'><strong>5.</strong></span> <span class='ocrx_word' id='word_1_397' title='bbox 2133 552 2319 595; x_wconf 75' lang='lat' dir='ltr'><strong>Offiez&#39;z&#39;que</strong></span> <span class='ocrx_word' id='word_1_398' title='bbox 2341 554 2446 586; x_wconf 79' lang='lat' dir='ltr'><strong>levem</strong></span> <span class='ocrx_word' id='word_1_399' title='bbox 2468 565 2550 587; x_wconf 74' lang='lat' dir='ltr'><strong>non·</strong></span> 
     </span>
     <span class='ocr_line' id='line_1_62' title="bbox 1462 600 2542 641; baseline 0 -11"><span class='ocrx_word' id='word_1_400' title='bbox 1462 603 1637 630; x_wconf 77' lang='lat' dir='ltr'><strong>aversatus</strong></span> <span class='ocrx_word' id='word_1_401' title='bbox 1665 600 1851 636; x_wconf 65' lang='lat' dir='ltr'><strong>honorem:</strong></span> <span class='ocrx_word' id='word_1_402' title='bbox 1891 600 1948 631; x_wconf 89' lang='lat' dir='ltr'><strong>ubi</strong></span> <span class='ocrx_word' id='word_1_403' title='bbox 1983 603 2129 639; x_wconf 84' lang='lat' dir='ltr'><strong>quatuor</strong></span> <span class='ocrx_word' id='word_1_404' title='bbox 2161 601 2266 632; x_wconf 87' lang='lat' dir='ltr'><strong>Codd.</strong></span> <span class='ocrx_word' id='word_1_405' title='bbox 2286 600 2411 631; x_wconf 83' lang='lat' dir='ltr'><strong>habent</strong></span> <span class='ocrx_word' id='word_1_406' title='bbox 2431 603 2542 641; x_wconf 65' lang='lat' dir='ltr'><strong>dedn&#39;ga</strong></span> 
     </span>
     <span class='ocr_line' id='line_1_63' title="bbox 1462 644 2546 687; baseline 0.001 -11"><span class='ocrx_word' id='word_1_407' title='bbox 1462 651 1589 686; x_wconf 85' lang='lat' dir='ltr'><strong>natus,</strong></span> <span class='ocrx_word' id='word_1_408' title='bbox 1631 653 1717 676; x_wconf 90' lang='lat' dir='ltr'><strong>unus</strong></span> <span class='ocrx_word' id='word_1_409' title='bbox 1754 651 1990 687; x_wconf 73' lang='lat' dir='ltr'><strong>aspernatus,</strong></span> <span class='ocrx_word' id='word_1_410' title='bbox 2027 648 2168 677; x_wconf 82' lang='lat' dir='ltr'><strong>notante</strong></span> <span class='ocrx_word' id='word_1_411' title='bbox 2199 647 2401 677; x_wconf 71' lang='lat' dir='ltr'><strong>uui-manno.</strong></span> <span class='ocrx_word' id='word_1_412' title='bbox 2446 644 2546 678; x_wconf 81' lang='lat' dir='ltr'><strong>Nihir</strong></span> 
     </span>
     <span class='ocr_line' id='line_1_64' title="bbox 1462 689 2538 732; baseline 0.001 -10"><span class='ocrx_word' id='word_1_413' title='bbox 1462 694 1573 722; x_wconf 89' lang='lat' dir='ltr'><strong>tamen</strong></span> <span class='ocrx_word' id='word_1_414' title='bbox 1608 689 1642 719; x_wconf 88' lang='lat' dir='ltr'><strong>in</strong></span> <span class='ocrx_word' id='word_1_415' title='bbox 1674 693 1836 722; x_wconf 84' lang='lat' dir='ltr'><strong>contextu</strong></span> <span class='ocrx_word' id='word_1_416' title='bbox 1869 696 2000 723; x_wconf 83' lang='lat' dir='ltr'><strong>mutare</strong></span> <span class='ocrx_word' id='word_1_417' title='bbox 2022 692 2131 724; x_wconf 83' lang='lat' dir='ltr'><strong>audeo</strong></span> <span class='ocrx_word' id='word_1_418' title='bbox 2153 694 2293 732; x_wconf 86' lang='lat' dir='ltr'><strong>propter</strong></span> <span class='ocrx_word' id='word_1_419' title='bbox 2316 692 2430 723; x_wconf 85' lang='lat' dir='ltr'><strong>locum</strong></span> <span class='ocrx_word' id='word_1_420' title='bbox 2451 693 2538 723; x_wconf 85' lang='lat' dir='ltr'><strong>Pro-</strong></span> 
     </span>
     <span class='ocr_line' id='line_1_65' title="bbox 1462 736 1976 777; baseline 0.002 -9"><span class='ocrx_word' id='word_1_421' title='bbox 1462 736 1562 777; x_wconf 82' lang='lat' dir='ltr'><strong>pertii</strong></span> <span class='ocrx_word' id='word_1_422' title='bbox 1585 737 1679 775; x_wconf 82' lang='lat' dir='ltr'><strong>Eleg.</strong></span> <span class='ocrx_word' id='word_1_423' title='bbox 1702 739 1756 774; x_wconf 88' lang='lat'><strong>11,</strong></span> <span class='ocrx_word' id='word_1_424' title='bbox 1785 739 1836 769; x_wconf 86' lang='lat'><strong>13.</strong></span> <span class='ocrx_word' id='word_1_425' title='bbox 1862 746 1894 767; x_wconf 82' lang='lat' dir='ltr'><strong>v.</strong></span> <span class='ocrx_word' id='word_1_426' title='bbox 1921 740 1976 769; x_wconf 92' lang='grc'><strong>67.</strong></span> 
     </span>
     <span class='ocr_line' id='line_1_66' title="bbox 1553 781 2539 826; baseline 0.001 -15"><span class='ocrx_word' id='word_1_427' title='bbox 1553 783 1659 821; x_wconf 78' lang='lat' dir='ltr'><strong>Quem</strong></span> <span class='ocrx_word' id='word_1_428' title='bbox 1680 783 1775 813; x_wconf 84' lang='lat' dir='ltr'><strong>modo</strong></span> <span class='ocrx_word' id='word_1_429' title='bbox 1795 783 1959 825; x_wconf 73' lang='lat' dir='ltr'><strong>felicem,</strong></span> <span class='ocrx_word' id='word_1_430' title='bbox 1982 781 2110 813; x_wconf 76' lang='lat' dir='ltr'><strong>invidia</strong></span> <span class='ocrx_word' id='word_1_431' title='bbox 2131 782 2338 823; x_wconf 67' lang='lat' dir='ltr'><strong>admirante,</strong></span> <span class='ocrx_word' id='word_1_432' title='bbox 2355 781 2539 826; x_wconf 70' lang='lat' dir='ltr'><strong>ferebant,</strong></span> 
     </span>
     <span class='ocr_line' id='line_1_67' title="bbox 1598 828 2468 870; baseline 0.001 -12"><span class='ocrx_word' id='word_1_433' title='bbox 1598 828 1700 859; x_wconf 80' lang='lat' dir='ltr'><strong>Nunc</strong></span> <span class='ocrx_word' id='word_1_434' title='bbox 1723 830 1851 859; x_wconf 80' lang='lat' dir='ltr'><strong>decimo</strong></span> <span class='ocrx_word' id='word_1_435' title='bbox 1876 831 2042 860; x_wconf 78' lang='lat' dir='ltr'><strong>admittor</strong></span> <span class='ocrx_word' id='word_1_436' title='bbox 2063 830 2126 859; x_wconf 70' lang='lat' dir='ltr'><strong>vix</strong></span> <span class='ocrx_word' id='word_1_437' title='bbox 2146 839 2206 870; x_wconf 79' lang='lat' dir='ltr'><strong>ego</strong></span> <span class='ocrx_word' id='word_1_438' title='bbox 2230 837 2361 870; x_wconf 72' lang='lat' dir='ltr'><strong>quoquo</strong></span> <span class='ocrx_word' id='word_1_439' title='bbox 2384 829 2468 859; x_wconf 70' lang='lat' dir='ltr'><strong>diet</strong></span> 
     </span>
    </p>
   </div>
   <div class='ocr_carea' id='block_1_11' title="bbox 1460 882 2549 1710">
    <p class='ocr_par' dir='ltr' id='par_1_20' title="bbox 1460 882 2538 1211">
     <span class='ocr_line' id='line_1_68' title="bbox 1463 882 2536 925; baseline 0.001 -12"><span class='ocrx_word' id='word_1_440' title='bbox 1463 893 1560 923; x_wconf 87' lang='lat' dir='ltr'><strong>quem</strong></span> <span class='ocrx_word' id='word_1_441' title='bbox 1585 885 1696 914; x_wconf 86' lang='lat' dir='ltr'><strong>tamen</strong></span> <span class='ocrx_word' id='word_1_442' title='bbox 1718 885 1830 916; x_wconf 90' lang='lat' dir='ltr'><strong>locum</strong></span> <span class='ocrx_word' id='word_1_443' title='bbox 1854 886 2071 925; x_wconf 81' lang='lat' dir='ltr'><strong>depravatum</strong></span> <span class='ocrx_word' id='word_1_444' title='bbox 2094 894 2170 915; x_wconf 85' lang='lat' dir='ltr'><strong>esse</strong></span> <span class='ocrx_word' id='word_1_445' title='bbox 2194 895 2266 916; x_wconf 87' lang='lat' dir='ltr'><strong>non</strong></span> <span class='ocrx_word' id='word_1_446' title='bbox 2287 883 2420 916; x_wconf 87' lang='lat' dir='ltr'><strong>dubito:</strong></span> <span class='ocrx_word' id='word_1_447' title='bbox 2444 882 2536 915; x_wconf 77' lang='lat' dir='ltr'><strong>certe</strong></span> 
     </span>
     <span class='ocr_line' id='line_1_69' title="bbox 1463 929 2538 973; baseline -0.001 -12"><span class='ocrx_word' id='word_1_448' title='bbox 1463 930 1551 961; x_wconf 88' lang='lat' dir='ltr'><strong>euim</strong></span> <span class='ocrx_word' id='word_1_449' title='bbox 1577 929 1703 961; x_wconf 83' lang='lat' dir='ltr'><strong>dixisse</strong></span> <span class='ocrx_word' id='word_1_450' title='bbox 1732 931 1868 972; x_wconf 87' lang='lat' dir='ltr'><strong>debuit,</strong></span> <span class='ocrx_word' id='word_1_451' title='bbox 1909 932 2036 963; x_wconf 86' lang='lat' dir='ltr'><strong>invidia</strong></span> <span class='ocrx_word' id='word_1_452' title='bbox 2059 933 2235 972; x_wconf 78' lang='lat' dir='ltr'><strong>ringente,</strong></span> <span class='ocrx_word' id='word_1_453' title='bbox 2277 930 2538 973; x_wconf 70' lang='lat' dir='ltr'><strong>vel‘frensente,¹</strong></span> 
     </span>
     <span class='ocr_line' id='line_1_70' title="bbox 1465 976 2538 1016; baseline -0.002 -10"><span class='ocrx_word' id='word_1_454' title='bbox 1465 977 1518 1007; x_wconf 85' lang='lat' dir='ltr'><strong>vel</strong></span> <span class='ocrx_word' id='word_1_455' title='bbox 1549 977 1616 1006; x_wconf 77' lang='lat' dir='ltr'><strong>tale</strong></span> <span class='ocrx_word' id='word_1_456' title='bbox 1651 976 1829 1016; x_wconf 86' lang='lat' dir='ltr'><strong>quidpiam.</strong></span> <span class='ocrx_word' id='word_1_457' title='bbox 1876 979 1984 1009; x_wconf 88' lang='lat' dir='ltr'><strong>Versu</strong></span> <span class='ocrx_word' id='word_1_458' title='bbox 2009 977 2162 1016; x_wconf 80' lang='lat' dir='ltr'><strong>proxime</strong></span> <span class='ocrx_word' id='word_1_459' title='bbox 2181 977 2428 1016; x_wconf 78' lang='lat' dir='ltr'><strong>praecedente,</strong></span> <span class='ocrx_word' id='word_1_460' title='bbox 2471 982 2538 1014; x_wconf 79' lang='lat' dir='ltr'><strong>pro</strong></span> 
     </span>
     <span class='ocr_line' id='line_1_71' title="bbox 1461 1022 2537 1062; baseline -0.002 -10"><span class='ocrx_word' id='word_1_461' title='bbox 1461 1023 1572 1052; x_wconf 74' lang='lat' dir='ltr'><strong>lectus</strong></span> <span class='ocrx_word' id='word_1_462' title='bbox 1586 1044 1595 1061; x_wconf 93' lang='lat'>‚</span> <span class='ocrx_word' id='word_1_463' title='bbox 1622 1022 1756 1061; x_wconf 86' lang='lat' dir='ltr'><strong>Lipsius</strong></span> <span class='ocrx_word' id='word_1_464' title='bbox 1781 1027 1814 1053; x_wconf 89' lang='lat' dir='ltr'><strong>et</strong></span> <span class='ocrx_word' id='word_1_465' title='bbox 1836 1023 2031 1054; x_wconf 84' lang='lat' dir='ltr'><strong>Bernartius</strong></span> <span class='ocrx_word' id='word_1_466' title='bbox 2052 1024 2169 1062; x_wconf 85' lang='lat' dir='ltr'><strong>legunt</strong></span> <span class='ocrx_word' id='word_1_467' title='bbox 2189 1024 2303 1054; x_wconf 86' lang='lat' dir='ltr'><strong>lectu.-</strong></span> <span class='ocrx_word' id='word_1_468' title='bbox 2338 1022 2444 1053; x_wconf 86' lang='lat' dir='ltr'><strong>male:</strong></span> <span class='ocrx_word' id='word_1_469' title='bbox 2465 1027 2537 1050; x_wconf 80' lang='lat' dir='ltr'><strong>non</strong></span> 
     </span>
     <span class='ocr_line' id='line_1_72' title="bbox 1462 1065 2536 1109; baseline 0.001 -12"><span class='ocrx_word' id='word_1_470' title='bbox 1462 1068 1550 1097; x_wconf 88' lang='lat' dir='ltr'><strong>enim</strong></span> <span class='ocrx_word' id='word_1_471' title='bbox 1572 1069 1798 1099; x_wconf 68' lang='lat' dir='ltr'><strong>constituenda</strong></span> <span class='ocrx_word' id='word_1_472' title='bbox 1819 1071 1907 1100; x_wconf 80' lang='lat' dir='ltr'><strong>sunt</strong></span> <span class='ocrx_word' id='word_1_473' title='bbox 1921 1071 2047 1109; x_wconf 83' lang='lat' dir='ltr'><strong>verba,</strong></span> <span class='ocrx_word' id='word_1_474' title='bbox 2067 1070 2159 1100; x_wconf 83' lang='lat' dir='ltr'><strong>lectu</strong></span> <span class='ocrx_word' id='word_1_475' title='bbox 2182 1068 2268 1100; x_wconf 85' lang='lat' dir='ltr'><strong>tanti</strong></span> <span class='ocrx_word' id='word_1_476' title='bbox 2282 1067 2439 1107; x_wconf 83' lang='lat' dir='ltr'><strong>rectoris,</strong></span> <span class='ocrx_word' id='word_1_477' title='bbox 2462 1065 2536 1106; x_wconf 58' lang='lat' dir='ltr'><strong>sed}</strong></span> 
     </span>
     <span class='ocr_line' id='line_1_73' title="bbox 1460 1114 1902 1145; baseline 0.002 -1"><span class='ocrx_word' id='word_1_478' title='bbox 1460 1114 1616 1144; x_wconf 77' lang='lat' dir='ltr'><strong>habenas</strong></span> <span class='ocrx_word' id='word_1_479' title='bbox 1642 1114 1727 1144; x_wconf 86' lang='lat' dir='ltr'><strong>tanti</strong></span> <span class='ocrx_word' id='word_1_480' title='bbox 1748 1114 1902 1145; x_wconf 85' lang='lat' dir='ltr'><strong>rectoris.</strong></span> 
     </span>
     <span class='ocr_line' id='line_1_74' title="bbox 1506 1167 2293 1211; baseline 0.003 -12"><span class='ocrx_word' id='word_1_481' title='bbox 1506 1179 1539 1199; x_wconf 84' lang='lat' dir='ltr'><strong>v.</strong></span> <span class='ocrx_word' id='word_1_482' title='bbox 1567 1169 1622 1198; x_wconf 74' lang='lat'><strong>94.</strong></span> <span class='ocrx_word' id='word_1_483' title='bbox 1984 1167 2154 1208; x_wconf 75' lang='lat' dir='ltr'><strong>rapiemus</strong></span> <span class='ocrx_word' id='word_1_484' title='bbox 2177 1170 2293 1211; x_wconf 65' lang='lat' dir='ltr'><strong>iniquo</strong></span> 
     </span>
    </p>

    <p class='ocr_par' dir='ltr' id='par_1_21' title="bbox 1460 1212 2549 1710">
     <span class='ocr_line' id='line_1_75' title="bbox 1553 1212 2548 1255; baseline -0.001 -11"><span class='ocrx_word' id='word_1_485' title='bbox 1553 1215 1644 1244; x_wconf 88' lang='lat' dir='ltr'><strong>Nate</strong></span> <span class='ocrx_word' id='word_1_486' title='bbox 1671 1214 1772 1253; x_wconf 79' lang='lat' dir='ltr'><strong>Jovi]</strong></span> <span class='ocrx_word' id='word_1_487' title='bbox 1819 1214 1925 1245; x_wconf 87' lang='lat' dir='ltr'><strong>Nimis</strong></span> <span class='ocrx_word' id='word_1_488' title='bbox 1954 1216 2066 1245; x_wconf 90' lang='lat' dir='ltr'><strong>audax</strong></span> <span class='ocrx_word' id='word_1_489' title='bbox 2089 1216 2177 1255; x_wconf 88' lang='lat' dir='ltr'><strong>hoc,</strong></span> <span class='ocrx_word' id='word_1_490' title='bbox 2209 1217 2406 1255; x_wconf 65' lang='lat' dir='ltr'><strong>rapiemus.-</strong></span> <span class='ocrx_word' id='word_1_491' title='bbox 2445 1212 2548 1251; x_wconf 47' lang='lat' dir='ltr'><strong>leges,</strong></span> 
     </span>
     <span class='ocr_line' id='line_1_76' title="bbox 1460 1257 2549 1301; baseline -0.003 -11"><span class='ocrx_word' id='word_1_492' title='bbox 1460 1261 1663 1299; x_wconf 73' lang='lat' dir='ltr'><strong>rapiamus,</strong></span> <span class='ocrx_word' id='word_1_493' title='bbox 1699 1263 1737 1290; x_wconf 89' lang='lat' dir='ltr'><strong>ut</strong></span> <span class='ocrx_word' id='word_1_494' title='bbox 1760 1269 1863 1298; x_wconf 86' lang='lat' dir='ltr'><strong>supra</strong></span> <span class='ocrx_word' id='word_1_495' title='bbox 1888 1267 2066 1292; x_wconf 75' lang='lat' dir='ltr'><strong>teneamus</strong></span> <span class='ocrx_word' id='word_1_496' title='bbox 2090 1262 2203 1301; x_wconf 89' lang='lat' dir='ltr'><strong>colos,</strong></span> <span class='ocrx_word' id='word_1_497' title='bbox 2246 1270 2317 1292; x_wconf 91' lang='lat' dir='ltr'><strong>non</strong></span> <span class='ocrx_word' id='word_1_498' title='bbox 2339 1257 2549 1291; x_wconf 39' lang='lat' dir='ltr'><strong>tenebimr</strong></span> 
     </span>
     <span class='ocr_line' id='line_1_77' title="bbox 1460 1302 2536 1346; baseline -0.003 -11"><span class='ocrx_word' id='word_1_499' title='bbox 1460 1308 1600 1346; x_wconf 73' lang='lat' dir='ltr'><strong>iniquus</strong></span> <span class='ocrx_word' id='word_1_500' title='bbox 1641 1305 1806 1346; x_wconf 79' lang='lat' dir='ltr'><strong>Juppiter</strong></span> <span class='ocrx_word' id='word_1_501' title='bbox 1841 1307 1904 1337; x_wconf 89' lang='lat' dir='ltr'><strong>hoc</strong></span> <span class='ocrx_word' id='word_1_502' title='bbox 1937 1307 2014 1338; x_wconf 88' lang='lat' dir='ltr'><strong>loeo</strong></span> <span class='ocrx_word' id='word_1_503' title='bbox 2039 1307 2090 1336; x_wconf 88' lang='lat' dir='ltr'><strong>est</strong></span> <span class='ocrx_word' id='word_1_504' title='bbox 2111 1307 2239 1344; x_wconf 83' lang='lat' dir='ltr'><strong>Pluto,</strong></span> <span class='ocrx_word' id='word_1_505' title='bbox 2278 1314 2347 1337; x_wconf 92' lang='lat' dir='ltr'><strong>non</strong></span> <span class='ocrx_word' id='word_1_506' title='bbox 2372 1302 2536 1336; x_wconf 80' lang='lat' dir='ltr'><strong>Caelestis</strong></span> 
     </span>
     <span class='ocr_line' id='line_1_78' title="bbox 1461 1351 2536 1393; baseline -0.002 -12"><span class='ocrx_word' id='word_1_507' title='bbox 1461 1352 1636 1391; x_wconf 85' lang='lat' dir='ltr'><strong>Juppiter:</strong></span> <span class='ocrx_word' id='word_1_508' title='bbox 1662 1360 1765 1390; x_wconf 86' lang='lat' dir='ltr'><strong>supra</strong></span> <span class='ocrx_word' id='word_1_509' title='bbox 1789 1352 1879 1382; x_wconf 90' lang='lat' dir='ltr'><strong>enim</strong></span> <span class='ocrx_word' id='word_1_510' title='bbox 1904 1352 2011 1393; x_wconf 84' lang='lat' dir='ltr'><strong>dixit,</strong></span> <span class='ocrx_word' id='word_1_511' title='bbox 2032 1361 2062 1383; x_wconf 81' lang='lat' dir='ltr'><strong>v.</strong></span> <span class='ocrx_word' id='word_1_512' title='bbox 2087 1353 2142 1383; x_wconf 88' lang='grc'><strong>65.</strong></span> <span class='ocrx_word' id='word_1_513' title='bbox 2189 1354 2310 1383; x_wconf 79' lang='lat' dir='ltr'><strong>Jovem</strong></span> <span class='ocrx_word' id='word_1_514' title='bbox 2330 1352 2392 1382; x_wconf 83' lang='lat' dir='ltr'><strong>hoc</strong></span> <span class='ocrx_word' id='word_1_515' title='bbox 2411 1351 2536 1380; x_wconf 77' lang='lat' dir='ltr'><strong>facum</strong></span> 
     </span>
     <span class='ocr_line' id='line_1_79' title="bbox 1463 1397 2538 1437; baseline -0.003 -9"><span class='ocrx_word' id='word_1_516' title='bbox 1463 1407 1580 1428; x_wconf 90' lang='lat' dir='ltr'><strong>eorum</strong></span> <span class='ocrx_word' id='word_1_517' title='bbox 1607 1399 1869 1435; x_wconf 80' lang='lat' dir='ltr'><strong>approbaturum</strong></span> <span class='ocrx_word' id='word_1_518' title='bbox 1895 1407 1991 1437; x_wconf 88' lang='lat' dir='ltr'><strong>esse,</strong></span> <span class='ocrx_word' id='word_1_519' title='bbox 2023 1398 2090 1428; x_wconf 80' lang='lat' dir='ltr'><strong>has</strong></span> <span class='ocrx_word' id='word_1_520' title='bbox 2116 1399 2208 1428; x_wconf 86' lang='lat' dir='ltr'><strong>ultro</strong></span> <span class='ocrx_word' id='word_1_521' title='bbox 2236 1397 2394 1428; x_wconf 72' lang='lat' dir='ltr'><strong>laudabit</strong></span> <span class='ocrx_word' id='word_1_522' title='bbox 2418 1397 2538 1426; x_wconf 70' lang='lat' dir='ltr'><strong>Jm’rs-</strong></span> 
     </span>
     <span class='ocr_line' id='line_1_80' title="bbox 1463 1441 2549 1482; baseline -0.003 -9"><span class='ocrx_word' id='word_1_523' title='bbox 1463 1451 1537 1473; x_wconf 72' lang='lat' dir='ltr'><strong>TER</strong></span> <span class='ocrx_word' id='word_1_524' title='bbox 1568 1449 1666 1474; x_wconf 87' lang='lat' dir='ltr'><strong>artes</strong></span> <span class='ocrx_word' id='word_1_525' title='bbox 1676 1453 1699 1482; x_wconf 88' lang='lat'><strong>,·.</strong></span> <span class='ocrx_word' id='word_1_526' title='bbox 1738 1445 1892 1474; x_wconf 90' lang='lat' dir='ltr'><strong>Summus</strong></span> <span class='ocrx_word' id='word_1_527' title='bbox 1921 1443 2050 1474; x_wconf 85' lang='lat' dir='ltr'><strong>scilicet</strong></span> <span class='ocrx_word' id='word_1_528' title='bbox 2072 1445 2106 1473; x_wconf 83' lang='lat' dir='ltr'><strong>et</strong></span> <span class='ocrx_word' id='word_1_529' title='bbox 2130 1444 2247 1474; x_wconf 29' lang='lat' dir='ltr'><strong>Deum*</strong></span> <span class='ocrx_word' id='word_1_530' title='bbox 2261 1444 2344 1473; x_wconf 85' lang='lat' dir='ltr'><strong>Rex.</strong></span> <span class='ocrx_word' id='word_1_531' title='bbox 2391 1441 2549 1481; x_wconf 59' lang='lat' dir='ltr'><strong>Nigrum·</strong></span> 
     </span>
     <span class='ocr_line' id='line_1_81' title="bbox 1462 1485 2538 1530; baseline -0.002 -12"><span class='ocrx_word' id='word_1_532' title='bbox 1462 1490 1579 1519; x_wconf 83' lang='lat' dir='ltr'><strong>Jovem</strong></span> <span class='ocrx_word' id='word_1_533' title='bbox 1605 1491 1706 1519; x_wconf 79' lang='lat' dir='ltr'><strong>vocat</strong></span> <span class='ocrx_word' id='word_1_534' title='bbox 1731 1489 1834 1519; x_wconf 70' lang='lat' dir='ltr'><strong>Thvb.</strong></span> <span class='ocrx_word' id='word_1_535' title='bbox 1858 1491 1913 1528; x_wconf 84' lang='lat'><strong>11,</strong></span> <span class='ocrx_word' id='word_1_536' title='bbox 1955 1490 2013 1519; x_wconf 84' lang='grc'><strong>49.</strong></span> <span class='ocrx_word' id='word_1_537' title='bbox 2044 1490 2223 1530; x_wconf 71' lang='lat' dir='ltr'><strong>infernum</strong></span> <span class='ocrx_word' id='word_1_538' title='bbox 2262 1488 2450 1518; x_wconf 70' lang='lat' dir='ltr'><strong>Tonantem</strong></span> <span class='ocrx_word' id='word_1_539' title='bbox 2474 1485 2538 1524; x_wconf 83' lang='lat' dir='ltr'><strong>XI,</strong></span> 
     </span>
     <span class='ocr_line' id='line_1_82' title="bbox 1463 1531 2549 1574; baseline -0.004 -10"><span class='ocrx_word' id='word_1_540' title='bbox 1463 1535 1542 1565; x_wconf 82' lang='lat'><strong>209.</strong></span> <span class='ocrx_word' id='word_1_541' title='bbox 1568 1536 1670 1573; x_wconf 86' lang='lat' dir='ltr'><strong>Mox,</strong></span> <span class='ocrx_word' id='word_1_542' title='bbox 1714 1543 1746 1564; x_wconf 85' lang='lat' dir='ltr'><strong>v.</strong></span> <span class='ocrx_word' id='word_1_543' title='bbox 1770 1535 1826 1566; x_wconf 85' lang='grc'><strong>96.</strong></span> <span class='ocrx_word' id='word_1_544' title='bbox 1854 1534 2062 1564; x_wconf 83' lang='lat' dir='ltr'><strong>constructio</strong></span> <span class='ocrx_word' id='word_1_545' title='bbox 2089 1537 2158 1574; x_wconf 83' lang='lat' dir='ltr'><strong>est,</strong></span> <span class='ocrx_word' id='word_1_546' title='bbox 2193 1538 2231 1564; x_wconf 84' lang='lat' dir='ltr'><strong>et</strong></span> <span class='ocrx_word' id='word_1_547' title='bbox 2254 1534 2382 1563; x_wconf 70' lang='lat' dir='ltr'><strong>meruit</strong></span> <span class='ocrx_word' id='word_1_548' title='bbox 2400 1531 2549 1561; x_wconf 49' lang='lat' dir='ltr'><strong>herbam*</strong></span> 
     </span>
     <span class='ocr_line' id='line_1_83' title="bbox 1464 1577 2538 1620; baseline -0.006 -9"><span class='ocrx_word' id='word_1_549' title='bbox 1464 1582 1500 1611; x_wconf 70' lang='lat' dir='ltr'><strong>su·</strong></span> <span class='ocrx_word' id='word_1_550' title='bbox 1522 1589 1592 1620; x_wconf 87' lang='lat' dir='ltr'><strong>qua</strong></span> <span class='ocrx_word' id='word_1_551' title='bbox 1626 1580 1742 1610; x_wconf 37' lang='lat' dir='ltr'><strong>herba*</strong></span> <span class='ocrx_word' id='word_1_552' title='bbox 1768 1580 1819 1610; x_wconf 83' lang='lat' dir='ltr'><strong>sit.</strong></span> <span class='ocrx_word' id='word_1_553' title='bbox 1843 1582 1882 1610; x_wconf 71' lang='lat' dir='ltr'><strong>in</strong></span> <span class='ocrx_word' id='word_1_554' title='bbox 1908 1584 2014 1609; x_wconf 86' lang='lat' dir='ltr'><strong>antro</strong></span> <span class='ocrx_word' id='word_1_555' title='bbox 2039 1581 2103 1610; x_wconf 86' lang='lat' dir='ltr'><strong>etc.</strong></span> <span class='ocrx_word' id='word_1_556' title='bbox 2126 1578 2332 1610; x_wconf 85' lang='lat' dir='ltr'><strong>intermediis</strong></span> <span class='ocrx_word' id='word_1_557' title='bbox 2356 1577 2393 1607; x_wconf 89' lang='lat' dir='ltr'><strong>in</strong></span> <span class='ocrx_word' id='word_1_558' title='bbox 2415 1584 2538 1615; x_wconf 66' lang='lat' dir='ltr'><strong>parena</strong></span> 
     </span>
     <span class='ocr_line' id='line_1_84' title="bbox 1462 1621 2537 1666; baseline -0.002 -11"><span class='ocrx_word' id='word_1_559' title='bbox 1462 1626 1547 1656; x_wconf 85' lang='lat' dir='ltr'><strong>thesi</strong></span> <span class='ocrx_word' id='word_1_560' title='bbox 1579 1625 1729 1656; x_wconf 88' lang='lat' dir='ltr'><strong>inclusis.</strong></span> <span class='ocrx_word' id='word_1_561' title='bbox 1782 1625 1884 1663; x_wconf 77' lang='lat' dir='ltr'><strong>Lipsii</strong></span> <span class='ocrx_word' id='word_1_562' title='bbox 1915 1625 2037 1656; x_wconf 86' lang='lat' dir='ltr'><strong>Herba</strong></span> <span class='ocrx_word' id='word_1_563' title='bbox 2072 1630 2108 1656; x_wconf 88' lang='lat' dir='ltr'><strong>et</strong></span> <span class='ocrx_word' id='word_1_564' title='bbox 2136 1625 2261 1666; x_wconf 70' lang='lat' dir='ltr'><strong>holus,</strong></span> <span class='ocrx_word' id='word_1_565' title='bbox 2308 1623 2345 1655; x_wconf 80' lang='lat' dir='ltr'><strong>id</strong></span> <span class='ocrx_word' id='word_1_566' title='bbox 2375 1624 2428 1654; x_wconf 84' lang='lat' dir='ltr'><strong>est</strong></span> <span class='ocrx_word' id='word_1_567' title='bbox 2449 1621 2537 1662; x_wconf 66' lang='lat' dir='ltr'><strong>olus,</strong></span> 
     </span>
     <span class='ocr_line' id='line_1_85' title="bbox 1461 1671 2096 1710; baseline 0 -8"><span class='ocrx_word' id='word_1_568' title='bbox 1461 1672 1586 1702; x_wconf 87' lang='lat' dir='ltr'><strong>dudum</strong></span> <span class='ocrx_word' id='word_1_569' title='bbox 1610 1674 1644 1702; x_wconf 89' lang='lat' dir='ltr'><strong>et</strong></span> <span class='ocrx_word' id='word_1_570' title='bbox 1670 1671 1789 1702; x_wconf 89' lang='lat' dir='ltr'><strong>merito</strong></span> <span class='ocrx_word' id='word_1_571' title='bbox 1812 1672 1989 1710; x_wconf 83' lang='lat' dir='ltr'><strong>explosum</strong></span> <span class='ocrx_word' id='word_1_572' title='bbox 2011 1671 2096 1702; x_wconf 63' lang='lat' dir='ltr'><strong>fait..</strong></span> 
     </span>
    </p>
   </div>
   <div class='ocr_carea' id='block_1_12' title="bbox 1452 1724 2583 2455">
    <p class='ocr_par' dir='ltr' id='par_1_22' title="bbox 1507 1724 2259 1768">
     <span class='ocr_line' id='line_1_86' title="bbox 1507 1724 2259 1768; baseline -0.001 -9"><span class='ocrx_word' id='word_1_573' title='bbox 1507 1738 1540 1759; x_wconf 78' lang='lat' dir='ltr'><strong>v.</strong></span> <span class='ocrx_word' id='word_1_574' title='bbox 1566 1730 1642 1760; x_wconf 82' lang='grc'><strong>103.</strong></span> <span class='ocrx_word' id='word_1_575' title='bbox 1861 1734 1967 1768; x_wconf 84' lang='lat' dir='ltr'><strong>atque</strong></span> <span class='ocrx_word' id='word_1_576' title='bbox 1993 1738 2090 1759; x_wconf 76' lang='lat' dir='ltr'><strong>omne</strong></span> <span class='ocrx_word' id='word_1_577' title='bbox 2114 1724 2259 1767; x_wconf 81' lang='lat' dir='ltr'><strong>benigue</strong></span> 
     </span>
    </p>

    <p class='ocr_par' dir='ltr' id='par_1_23' title="bbox 1460 1769 2551 1905">
     <span class='ocr_line' id='line_1_87' title="bbox 1552 1769 2549 1814; baseline -0.006 -8"><span class='ocrx_word' id='word_1_578' title='bbox 1552 1776 1673 1812; x_wconf 69' lang='lat' dir='ltr'><strong>virus]</strong></span> <span class='ocrx_word' id='word_1_579' title='bbox 1704 1775 1833 1814; x_wconf 67' lang='lat' dir='ltr'><strong>Lege„</strong></span> <span class='ocrx_word' id='word_1_580' title='bbox 1861 1774 2042 1814; x_wconf 84' lang='lat' dir='ltr'><strong>benignum</strong></span> <span class='ocrx_word' id='word_1_581' title='bbox 2069 1774 2198 1805; x_wconf 68' lang='lat' dir='ltr'><strong>Virus.-</strong></span> <span class='ocrx_word' id='word_1_582' title='bbox 2239 1780 2309 1804; x_wconf 78' lang='lat' dir='ltr'><strong>vox</strong></span> <span class='ocrx_word' id='word_1_583' title='bbox 2330 1769 2419 1801; x_wconf 86' lang='lat' dir='ltr'><strong>enim</strong></span> <span class='ocrx_word' id='word_1_584' title='bbox 2437 1769 2549 1801; x_wconf 50' lang='lat' dir='ltr'><strong>virus*</strong></span> 
     </span>
     <span class='ocr_line' id='line_1_88' title="bbox 1461 1817 2537 1863; baseline -0.004 -14"><span class='ocrx_word' id='word_1_585' title='bbox 1461 1821 1513 1849; x_wconf 87' lang='lat' dir='ltr'><strong>est</strong></span> <span class='ocrx_word' id='word_1_586' title='bbox 1537 1819 1604 1851; x_wconf 78' lang='grc' dir='ltr'><strong>τῶν</strong></span> <span class='ocrx_word' id='word_1_587' title='bbox 1632 1819 1767 1863; x_wconf 72' lang='grc' dir='ltr'>μέσων,</span> <span class='ocrx_word' id='word_1_588' title='bbox 1805 1821 1840 1850; x_wconf 87' lang='lat' dir='ltr'><strong>et</strong></span> <span class='ocrx_word' id='word_1_589' title='bbox 1871 1825 1937 1850; x_wconf 84' lang='lat' dir='ltr'><strong>tam</strong></span> <span class='ocrx_word' id='word_1_590' title='bbox 1964 1820 2001 1850; x_wconf 90' lang='lat' dir='ltr'><strong>in</strong></span> <span class='ocrx_word' id='word_1_591' title='bbox 2028 1822 2148 1851; x_wconf 90' lang='lat' dir='ltr'><strong>bonam</strong></span> <span class='ocrx_word' id='word_1_592' title='bbox 2177 1829 2277 1858; x_wconf 85' lang='lat' dir='ltr'><strong>quam</strong></span> <span class='ocrx_word' id='word_1_593' title='bbox 2311 1817 2432 1848; x_wconf 86' lang='lat' dir='ltr'><strong>malam</strong></span> <span class='ocrx_word' id='word_1_594' title='bbox 2461 1824 2537 1855; x_wconf 79' lang='lat' dir='ltr'><strong>par·</strong></span> 
     </span>
     <span class='ocr_line' id='line_1_89' title="bbox 1460 1861 2551 1905; baseline -0.004 -9"><span class='ocrx_word' id='word_1_595' title='bbox 1460 1868 1526 1896; x_wconf 83' lang='lat' dir='ltr'><strong>tem</strong></span> <span class='ocrx_word' id='word_1_596' title='bbox 1554 1865 1708 1895; x_wconf 88' lang='lat' dir='ltr'><strong>sumitur.</strong></span> <span class='ocrx_word' id='word_1_597' title='bbox 1755 1866 1838 1895; x_wconf 85' lang='lat' dir='ltr'><strong>Inde</strong></span> <span class='ocrx_word' id='word_1_598' title='bbox 1862 1873 1984 1897; x_wconf 61' lang='lat' dir='ltr'><strong>naum</strong></span> <span class='ocrx_word' id='word_1_599' title='bbox 2007 1866 2101 1897; x_wconf 85' lang='lat' dir='ltr'><strong>virus</strong></span> <span class='ocrx_word' id='word_1_600' title='bbox 2120 1865 2236 1905; x_wconf 73' lang='lat' dir='ltr'><strong>virgil.</strong></span> <span class='ocrx_word' id='word_1_601' title='bbox 2260 1866 2382 1902; x_wconf 83' lang='lat' dir='ltr'><strong>Georg.</strong></span> <span class='ocrx_word' id='word_1_602' title='bbox 2405 1864 2433 1902; x_wconf 89' lang='grc' dir='ltr'><strong>Ι,</strong></span> <span class='ocrx_word' id='word_1_603' title='bbox 2458 1861 2551 1893; x_wconf 66' lang='lat'><strong>12⁹.-</strong></span> 
     </span>
    </p>

    <p class='ocr_par' dir='ltr' id='par_1_24' title="bbox 1452 1909 2583 2455">
     <span class='ocr_line' id='line_1_90' title="bbox 1551 1909 2426 1950; baseline -0.001 -10"><span class='ocrx_word' id='word_1_604' title='bbox 1551 1911 1617 1940; x_wconf 78' lang='lat' dir='ltr'><strong>Ille</strong></span> <span class='ocrx_word' id='word_1_605' title='bbox 1639 1910 1761 1940; x_wconf 79' lang='lat' dir='ltr'><strong>malum</strong></span> <span class='ocrx_word' id='word_1_606' title='bbox 1786 1911 1880 1941; x_wconf 83' lang='lat' dir='ltr'><strong>virus</strong></span> <span class='ocrx_word' id='word_1_607' title='bbox 1902 1913 2123 1950; x_wconf 71' lang='lat' dir='ltr'><strong>serpentibus</strong></span> <span class='ocrx_word' id='word_1_608' title='bbox 2148 1909 2286 1942; x_wconf 71' lang='lat' dir='ltr'><strong>addid-&#39;t</strong></span> <span class='ocrx_word' id='word_1_609' title='bbox 2309 1911 2426 1941; x_wconf 67' lang='lat' dir='ltr'><strong>atris.-</strong></span> 
     </span>
     <span class='ocr_line' id='line_1_91' title="bbox 1458 1951 2534 1999; baseline -0.005 -13"><span class='ocrx_word' id='word_1_610' title='bbox 1458 1955 1585 1999; x_wconf 62' lang='lat' dir='ltr'><strong>qujus</strong></span> <span class='ocrx_word' id='word_1_611' title='bbox 1614 1956 1804 1994; x_wconf 84' lang='lat' dir='ltr'><strong>oppositum</strong></span> <span class='ocrx_word' id='word_1_612' title='bbox 1829 1960 1879 1987; x_wconf 87' lang='lat' dir='ltr'><strong>est</strong></span> <span class='ocrx_word' id='word_1_613' title='bbox 1897 1958 1959 1988; x_wconf 85' lang='lat' dir='ltr'><strong>boc</strong></span> <span class='ocrx_word' id='word_1_614' title='bbox 1982 1956 2291 1998; x_wconf 61' lang='lat' dir='ltr'><strong>benignumvirus.</strong></span> <span class='ocrx_word' id='word_1_615' title='bbox 2336 1956 2467 1985; x_wconf 76' lang='lat' dir='ltr'><strong>Seneca</strong></span> <span class='ocrx_word' id='word_1_616' title='bbox 2490 1951 2534 1982; x_wconf 72' lang='lat' dir='ltr'><strong>de</strong></span> 
     </span>
     <span class='ocr_line' id='line_1_92' title="bbox 1459 1998 2535 2041; baseline -0.005 -9"><span class='ocrx_word' id='word_1_617' title='bbox 1459 2003 1571 2032; x_wconf 84' lang='lat' dir='ltr'><strong>Benef.</strong></span> <span class='ocrx_word' id='word_1_618' title='bbox 1596 2003 1631 2040; x_wconf 89' lang='grc' dir='ltr'><strong>Ι,</strong></span> <span class='ocrx_word' id='word_1_619' title='bbox 1661 2005 1713 2033; x_wconf 80' lang='grc'><strong>13.</strong></span> <span class='ocrx_word' id='word_1_620' title='bbox 1737 2003 1778 2032; x_wconf 91' lang='lat' dir='ltr'><strong>de</strong></span> <span class='ocrx_word' id='word_1_621' title='bbox 1802 2003 2018 2034; x_wconf 83' lang='lat' dir='ltr'><strong>Alexandro:</strong></span> <span class='ocrx_word' id='word_1_622' title='bbox 2054 2005 2124 2041; x_wconf 75' lang='lat' dir='ltr'><strong>Qui</strong></span> <span class='ocrx_word' id='word_1_623' title='bbox 2143 2001 2453 2033; x_wconf 74' lang='lat' dir='ltr'><strong>summam&#39;bonuns</strong></span> <span class='ocrx_word' id='word_1_624' title='bbox 2475 1998 2535 2028; x_wconf 74' lang='lat' dir='ltr'><strong>dn-</strong></span> 
     </span>
     <span class='ocr_line' id='line_1_93' title="bbox 1461 2046 2548 2087; baseline -0.004 -9"><span class='ocrx_word' id='word_1_625' title='bbox 1461 2054 1558 2079; x_wconf 84' lang='lat' dir='ltr'><strong>ceret</strong></span> <span class='ocrx_word' id='word_1_626' title='bbox 1581 2050 1715 2078; x_wconf 73' lang='lat' dir='ltr'><strong>terrori</strong></span> <span class='ocrx_word' id='word_1_627' title='bbox 1739 2058 1822 2079; x_wconf 75' lang='lat' dir='ltr'><strong>esse·</strong></span> <span class='ocrx_word' id='word_1_628' title='bbox 1846 2051 1979 2082; x_wconf 71' lang='lat' dir='ltr'><strong>cunctis</strong></span> <span class='ocrx_word' id='word_1_629' title='bbox 2003 2048 2205 2079; x_wconf 73' lang='lat' dir='ltr'><strong>mortalibus</strong></span> <span class='ocrx_word' id='word_1_630' title='bbox 2215 2058 2232 2087; x_wconf 88' lang='lat'><strong>,·</strong></span> <span class='ocrx_word' id='word_1_631' title='bbox 2274 2046 2419 2082; x_wconf 73' lang='lat' dir='ltr'><strong>oblitus,</strong></span> <span class='ocrx_word' id='word_1_632' title='bbox 2465 2052 2548 2074; x_wconf 62' lang='lat' dir='ltr'><strong>ison⁴</strong></span> 
     </span>
     <span class='ocr_line' id='line_1_94' title="bbox 1452 2091 2535 2137; baseline -0.005 -13"><span class='ocrx_word' id='word_1_633' title='bbox 1452 2095 1681 2137; x_wconf 56' lang='lat' dir='ltr'><strong>ferocissima</strong></span> <span class='ocrx_word' id='word_1_634' title='bbox 1701 2099 1856 2132; x_wconf 81' lang='lat' dir='ltr'><strong>tantum,</strong></span> <span class='ocrx_word' id='word_1_635' title='bbox 1905 2096 1967 2126; x_wconf 83' lang='lat' dir='ltr'><strong>sed</strong></span> <span class='ocrx_word' id='word_1_636' title='bbox 1989 2095 2223 2136; x_wconf 72' lang='lat' dir='ltr'><strong>ignavz&#39;ssa&#39;ma</strong></span> <span class='ocrx_word' id='word_1_637' title='bbox 2244 2101 2376 2134; x_wconf 83' lang='lat' dir='ltr'><strong>quoque</strong></span> <span class='ocrx_word' id='word_1_638' title='bbox 2398 2091 2535 2121; x_wconf 68' lang='lat' dir='ltr'><strong>anima-</strong></span> 
     </span>
     <span class='ocr_line' id='line_1_95' title="bbox 1459 2136 2583 2177; baseline -0.005 -7"><span class='ocrx_word' id='word_1_639' title='bbox 1459 2141 1509 2170; x_wconf 74' lang='lat' dir='ltr'><strong>Iae’a</strong></span> <span class='ocrx_word' id='word_1_640' title='bbox 1535 2141 1656 2170; x_wconf 63' lang='lat' dir='ltr'><strong>timeri</strong></span> <span class='ocrx_word' id='word_1_641' title='bbox 1675 2142 1717 2170; x_wconf 87' lang='lat' dir='ltr'><strong>ob</strong></span> <span class='ocrx_word' id='word_1_642' title='bbox 1745 2140 1835 2171; x_wconf 87' lang='lat' dir='ltr'><strong>virus</strong></span> <span class='ocrx_word' id='word_1_643' title='bbox 1861 2142 1994 2171; x_wconf 89' lang='lat' dir='ltr'><strong>malum.</strong></span> <span class='ocrx_word' id='word_1_644' title='bbox 2030 2142 2125 2177; x_wconf 76' lang='lat' dir='ltr'><strong>Quae</strong></span> <span class='ocrx_word' id='word_1_645' title='bbox 2144 2143 2256 2170; x_wconf 87' lang='lat' dir='ltr'><strong>tamen</strong></span> <span class='ocrx_word' id='word_1_646' title='bbox 2278 2137 2395 2168; x_wconf 76' lang='lat' dir='ltr'><strong>ultima</strong></span> <span class='ocrx_word' id='word_1_647' title='bbox 2418 2136 2534 2173; x_wconf 74' lang='lat' dir='ltr'><strong>verba,</strong></span> <span class='ocrx_word' id='word_1_648' title='bbox 2568 2147 2583 2153; x_wconf 88' lang='grc'><strong>·-</strong></span> 
     </span>
     <span class='ocr_line' id='line_1_96' title="bbox 1461 2181 2546 2226; baseline -0.006 -10"><span class='ocrx_word' id='word_1_649' title='bbox 1461 2186 1489 2216; x_wconf 88' lang='lat' dir='ltr'><strong>si</strong></span> <span class='ocrx_word' id='word_1_650' title='bbox 1508 2186 1685 2225; x_wconf 86' lang='lat' dir='ltr'><strong>quidquam</strong></span> <span class='ocrx_word' id='word_1_651' title='bbox 1706 2187 1820 2226; x_wconf 80' lang='lat' dir='ltr'><strong>sapio,</strong></span> <span class='ocrx_word' id='word_1_652' title='bbox 1852 2187 1972 2217; x_wconf 84' lang='lat' dir='ltr'><strong>Glossa</strong></span> <span class='ocrx_word' id='word_1_653' title='bbox 1992 2190 2085 2217; x_wconf 84' lang='lat' dir='ltr'><strong>suut:</strong></span> <span class='ocrx_word' id='word_1_654' title='bbox 2121 2184 2365 2225; x_wconf 79' lang='lat' dir='ltr'><strong>ineptissimam</strong></span> <span class='ocrx_word' id='word_1_655' title='bbox 2388 2181 2478 2212; x_wconf 88' lang='lat' dir='ltr'><strong>enim</strong></span> <span class='ocrx_word' id='word_1_656' title='bbox 2498 2182 2546 2210; x_wconf 80' lang='lat' dir='ltr'><strong>et-</strong></span> 
     </span>
     <span class='ocr_line' id='line_1_97' title="bbox 1459 2230 2535 2272; baseline -0.003 -11"><span class='ocrx_word' id='word_1_657' title='bbox 1459 2231 1595 2262; x_wconf 77' lang='lat' dir='ltr'><strong>minime</strong></span> <span class='ocrx_word' id='word_1_658' title='bbox 1631 2233 1854 2263; x_wconf 79' lang='lat' dir='ltr'><strong>necessariam</strong></span> <span class='ocrx_word' id='word_1_659' title='bbox 1879 2233 2139 2272; x_wconf 84' lang='lat' dir='ltr'><strong>explicationem</strong></span> <span class='ocrx_word' id='word_1_660' title='bbox 2163 2231 2356 2269; x_wconf 68' lang='lat' dir='ltr'><strong>continent»,</strong></span> <span class='ocrx_word' id='word_1_661' title='bbox 2397 2230 2432 2258; x_wconf 76' lang='lat' dir='ltr'><strong>et</strong></span> <span class='ocrx_word' id='word_1_662' title='bbox 2454 2235 2535 2257; x_wconf 68' lang='lat' dir='ltr'><strong>sen-</strong></span> 
     </span>
     <span class='ocr_line' id='line_1_98' title="bbox 1458 2273 2548 2318; baseline -0.006 -10"><span class='ocrx_word' id='word_1_663' title='bbox 1458 2278 1598 2309; x_wconf 87' lang='lat' dir='ltr'><strong>tentiam</strong></span> <span class='ocrx_word' id='word_1_664' title='bbox 1632 2279 1721 2309; x_wconf 83' lang='lat' dir='ltr'><strong>ultra.</strong></span> <span class='ocrx_word' id='word_1_665' title='bbox 1752 2280 1935 2318; x_wconf 87' lang='lat' dir='ltr'><strong>perfectum</strong></span> <span class='ocrx_word' id='word_1_666' title='bbox 1967 2279 2113 2309; x_wconf 79' lang='lat' dir='ltr'><strong>trahunt.</strong></span> <span class='ocrx_word' id='word_1_667' title='bbox 2167 2279 2259 2309; x_wconf 84' lang='lat' dir='ltr'><strong>Idem</strong></span> <span class='ocrx_word' id='word_1_668' title='bbox 2289 2277 2366 2307; x_wconf 87' lang='lat' dir='ltr'><strong>Nat.</strong></span> <span class='ocrx_word' id='word_1_669' title='bbox 2394 2273 2548 2310; x_wconf 69' lang='lat' dir='ltr'><strong>quaest..</strong></span> 
     </span>
     <span class='ocr_line' id='line_1_99' title="bbox 1458 2321 2534 2364; baseline -0.001 -10"><span class='ocrx_word' id='word_1_670' title='bbox 1458 2327 1508 2364; x_wconf 87' lang='lat' dir='ltr'><strong>V,</strong></span> <span class='ocrx_word' id='word_1_671' title='bbox 1553 2326 1604 2354; x_wconf 84' lang='lat'><strong>15.</strong></span> <span class='ocrx_word' id='word_1_672' title='bbox 1639 2333 1757 2355; x_wconf 76' lang='lat' dir='ltr'><strong>aurum</strong></span> <span class='ocrx_word' id='word_1_673' title='bbox 1791 2328 1890 2355; x_wconf 83' lang='lat' dir='ltr'><strong>vocat</strong></span> <span class='ocrx_word' id='word_1_674' title='bbox 1918 2333 2039 2357; x_wconf 67' lang='lat' dir='ltr'><strong>MALUM</strong></span> <span class='ocrx_word' id='word_1_675' title='bbox 2068 2327 2180 2355; x_wconf 70' lang='lat' dir='ltr'><strong>virus.</strong></span> <span class='ocrx_word' id='word_1_676' title='bbox 2237 2325 2407 2354; x_wconf 66' lang='lat' dir='ltr'><strong>SANCTUH</strong></span> <span class='ocrx_word' id='word_1_677' title='bbox 2433 2321 2534 2350; x_wconf 55' lang='lat' dir='ltr'><strong>viril</strong></span> 
     </span>
     <span class='ocr_line' id='line_1_100' title="bbox 1458 2366 2547 2410; baseline -0.006 -9"><span class='ocrx_word' id='word_1_678' title='bbox 1458 2369 1644 2409; x_wconf 69' lang='lat' dir='ltr'><strong>Epidauria</strong></span> <span class='ocrx_word' id='word_1_679' title='bbox 1690 2371 1791 2410; x_wconf 88' lang='lat' dir='ltr'><strong>angui</strong></span> <span class='ocrx_word' id='word_1_680' title='bbox 1832 2371 1983 2402; x_wconf 85' lang='lat' dir='ltr'><strong>attribuit</strong></span> <span class='ocrx_word' id='word_1_681' title='bbox 2031 2370 2147 2403; x_wconf 87' lang='lat' dir='ltr'><strong>Sidon.</strong></span> <span class='ocrx_word' id='word_1_682' title='bbox 2186 2366 2392 2408; x_wconf 78' lang='lat' dir='ltr'><strong>Apollinaris</strong></span> <span class='ocrx_word' id='word_1_683' title='bbox 2424 2368 2547 2397; x_wconf 79' lang='lat' dir='ltr'><strong>carm.-</strong></span> 
     </span>
     <span class='ocr_line' id='line_1_101' title="bbox 1460 2417 1660 2455; baseline 0 -9"><span class='ocrx_word' id='word_1_684' title='bbox 1460 2417 1579 2455; x_wconf 81' lang='lat' dir='ltr'><strong>xxn,</strong></span> <span class='ocrx_word' id='word_1_685' title='bbox 1606 2418 1660 2446; x_wconf 90' lang='lat'><strong>80.</strong></span> 
     </span>
    </p>
   </div>
   <div class='ocr_carea' id='block_1_13' title="bbox 1458 2475 2552 3293">
    <p class='ocr_par' dir='ltr' id='par_1_25' title="bbox 1458 2475 2552 3293">
     <span class='ocr_line' id='line_1_102' title="bbox 1504 2475 1638 2504; baseline -0.007 0"><span class='ocrx_word' id='word_1_686' title='bbox 1504 2482 1537 2504; x_wconf 79' lang='lat' dir='ltr'><strong>v.</strong></span> <span class='ocrx_word' id='word_1_687' title='bbox 1564 2475 1638 2503; x_wconf 86' lang='lat' dir='ltr'><strong>lll.</strong></span> 
     </span>
     <span class='ocr_line' id='line_1_103' title="bbox 1553 2513 2548 2557; baseline -0.007 -9"><span class='ocrx_word' id='word_1_688' title='bbox 1553 2518 1712 2556; x_wconf 83' lang='lat' dir='ltr'><strong>Occupat</strong></span> <span class='ocrx_word' id='word_1_689' title='bbox 1737 2517 1938 2557; x_wconf 65' lang='lat' dir='ltr'><strong>auxiliumJ&#39;</strong></span> <span class='ocrx_word' id='word_1_690' title='bbox 1958 2519 2068 2557; x_wconf 78' lang='lat' dir='ltr'><strong>hege,</strong></span> <span class='ocrx_word' id='word_1_691' title='bbox 2109 2518 2323 2556; x_wconf 69' lang='lat' dir='ltr'><strong>valentius,</strong></span> <span class='ocrx_word' id='word_1_692' title='bbox 2352 2522 2400 2544; x_wconf 84' lang='lat' dir='ltr'><strong>sc.</strong></span> <span class='ocrx_word' id='word_1_693' title='bbox 2425 2513 2548 2543; x_wconf 35' lang='lat' dir='ltr'><strong>anxi-⁷</strong></span> 
     </span>
     <span class='ocr_line' id='line_1_104' title="bbox 1461 2559 2547 2602; baseline -0.007 -8"><span class='ocrx_word' id='word_1_694' title='bbox 1461 2564 1542 2594; x_wconf 78' lang='lat' dir='ltr'><strong>lium</strong></span> <span class='ocrx_word' id='word_1_695' title='bbox 1556 2575 1566 2594; x_wconf 84' lang='lat'><strong>.-</strong></span> <span class='ocrx_word' id='word_1_696' title='bbox 1603 2573 1673 2595; x_wconf 89' lang='lat' dir='ltr'><strong>nou</strong></span> <span class='ocrx_word' id='word_1_697' title='bbox 1709 2563 1797 2593; x_wconf 89' lang='lat' dir='ltr'><strong>enim</strong></span> <span class='ocrx_word' id='word_1_698' title='bbox 1823 2563 1936 2595; x_wconf 85' lang='lat' dir='ltr'><strong>dicere</strong></span> <span class='ocrx_word' id='word_1_699' title='bbox 1958 2563 2064 2594; x_wconf 88' lang='lat' dir='ltr'><strong>voluit</strong></span> <span class='ocrx_word' id='word_1_700' title='bbox 2087 2563 2276 2602; x_wconf 78' lang='lat' dir='ltr'><strong>Apollinem</strong></span> <span class='ocrx_word' id='word_1_701' title='bbox 2301 2559 2393 2592; x_wconf 78' lang='lat' dir='ltr'><strong>omni</strong></span> <span class='ocrx_word' id='word_1_702' title='bbox 2416 2559 2547 2588; x_wconf 84' lang='lat' dir='ltr'><strong>morbo-</strong></span> 
     </span>
     <span class='ocr_line' id='line_1_105' title="bbox 1462 2603 2534 2649; baseline -0.003 -9"><span class='ocrx_word' id='word_1_703' title='bbox 1462 2611 1688 2641; x_wconf 72' lang='lat' dir='ltr'><strong>valentiorem</strong></span> <span class='ocrx_word' id='word_1_704' title='bbox 1734 2609 1858 2646; x_wconf 76' lang='lat' dir='ltr'><strong>suisse3</strong></span> <span class='ocrx_word' id='word_1_705' title='bbox 1910 2609 1995 2640; x_wconf 90' lang='lat' dir='ltr'><strong>nihil</strong></span> <span class='ocrx_word' id='word_1_706' title='bbox 2033 2609 2155 2649; x_wconf 87' lang='lat' dir='ltr'><strong>quippe</strong></span> <span class='ocrx_word' id='word_1_707' title='bbox 2183 2609 2322 2646; x_wconf 80' lang='lat' dir='ltr'><strong>mirum,</strong></span> <span class='ocrx_word' id='word_1_708' title='bbox 2374 2603 2534 2644; x_wconf 61' lang='lat' dir='ltr'><strong>quoniam</strong></span> 
     </span>
     <span class='ocr_line' id='line_1_106' title="bbox 1463 2649 2534 2694; baseline -0.007 -7"><span class='ocrx_word' id='word_1_709' title='bbox 1463 2657 1584 2687; x_wconf 81' lang='lat' dir='ltr'><strong>Deus.-</strong></span> <span class='ocrx_word' id='word_1_710' title='bbox 1626 2656 1684 2685; x_wconf 86' lang='lat' dir='ltr'><strong>sed</strong></span> <span class='ocrx_word' id='word_1_711' title='bbox 1719 2655 1783 2686; x_wconf 86' lang='lat' dir='ltr'><strong>hoc</strong></span> <span class='ocrx_word' id='word_1_712' title='bbox 1817 2655 1907 2694; x_wconf 90' lang='lat' dir='ltr'><strong>vult,</strong></span> <span class='ocrx_word' id='word_1_713' title='bbox 1952 2657 2122 2686; x_wconf 69' lang='lat' dir='ltr'><strong>auxilium</strong></span> <span class='ocrx_word' id='word_1_714' title='bbox 2154 2665 2217 2686; x_wconf 91' lang='lat' dir='ltr'><strong>seu-</strong></span> <span class='ocrx_word' id='word_1_715' title='bbox 2239 2653 2419 2685; x_wconf 70' lang='lat' dir='ltr'><strong>remedium</strong></span> <span class='ocrx_word' id='word_1_716' title='bbox 2444 2649 2534 2689; x_wconf 81' lang='lat' dir='ltr'><strong>quod</strong></span> 
     </span>
     <span class='ocr_line' id='line_1_107' title="bbox 1462 2699 2535 2741; baseline -0.006 -7"><span class='ocrx_word' id='word_1_717' title='bbox 1462 2703 1585 2741; x_wconf 81' lang='lat' dir='ltr'><strong>Apollo</strong></span> <span class='ocrx_word' id='word_1_718' title='bbox 1610 2699 1722 2732; x_wconf 80' lang='lat' dir='ltr'><strong>intulit</strong></span> <span class='ocrx_word' id='word_1_719' title='bbox 1747 2700 1836 2731; x_wconf 86' lang='lat' dir='ltr'><strong>omni</strong></span> <span class='ocrx_word' id='word_1_720' title='bbox 1858 2703 1973 2732; x_wconf 86' lang='lat' dir='ltr'><strong>morbo</strong></span> <span class='ocrx_word' id='word_1_721' title='bbox 1997 2703 2170 2732; x_wconf 75' lang='lat' dir='ltr'><strong>valentius</strong></span> <span class='ocrx_word' id='word_1_722' title='bbox 2191 2700 2305 2731; x_wconf 83' lang='lat' dir='ltr'><strong>fuisse.</strong></span> <span class='ocrx_word' id='word_1_723' title='bbox 2352 2700 2403 2729; x_wconf 89' lang='lat' dir='ltr'><strong>De</strong></span> <span class='ocrx_word' id='word_1_724' title='bbox 2426 2700 2535 2728; x_wconf 71' lang='lat' dir='ltr'><strong>mets-</strong></span> 
     </span>
     <span class='ocr_line' id='line_1_108' title="bbox 1464 2746 2536 2782; baseline -0.007 -3"><span class='ocrx_word' id='word_1_725' title='bbox 1464 2754 1540 2779; x_wconf 85' lang='lat' dir='ltr'><strong>ente</strong></span> <span class='ocrx_word' id='word_1_726' title='bbox 1564 2748 1683 2779; x_wconf 78' lang='lat' dir='ltr'><strong>Atrida</strong></span> <span class='ocrx_word' id='word_1_727' title='bbox 1706 2747 1782 2778; x_wconf 82' lang='lat' dir='ltr'><strong>vide</strong></span> <span class='ocrx_word' id='word_1_728' title='bbox 1807 2748 1945 2778; x_wconf 83' lang='lat' dir='ltr'><strong>Homer.</strong></span> <span class='ocrx_word' id='word_1_729' title='bbox 1968 2748 2006 2778; x_wconf 84' lang='lat'><strong>11.</strong></span> <span class='ocrx_word' id='word_1_730' title='bbox 2034 2748 2077 2781; x_wconf 87' lang='lat' dir='ltr'><strong>A.</strong></span> <span class='ocrx_word' id='word_1_731' title='bbox 2107 2749 2181 2778; x_wconf 82' lang='lat'>150.</span> <span class='ocrx_word' id='word_1_732' title='bbox 2211 2749 2276 2778; x_wconf 89' lang='lat' dir='ltr'><strong>Pro</strong></span> <span class='ocrx_word' id='word_1_733' title='bbox 2302 2746 2412 2782; x_wconf 81' lang='lat' dir='ltr'><strong>Deus,</strong></span> <span class='ocrx_word' id='word_1_734' title='bbox 2432 2752 2536 2774; x_wconf 81' lang='lat' dir='ltr'><strong>versu</strong></span> 
     </span>
     <span class='ocr_line' id='line_1_109' title="bbox 1463 2791 2533 2833; baseline -0.006 -7"><span class='ocrx_word' id='word_1_735' title='bbox 1463 2794 1700 2833; x_wconf 83' lang='lat' dir='ltr'><strong>praecedeuti,</strong></span> <span class='ocrx_word' id='word_1_736' title='bbox 1723 2795 1834 2824; x_wconf 85' lang='lat' dir='ltr'><strong>Parm.</strong></span> <span class='ocrx_word' id='word_1_737' title='bbox 1860 2795 1894 2824; x_wconf 90' lang='lat' dir='ltr'><strong>et</strong></span> <span class='ocrx_word' id='word_1_738' title='bbox 1921 2794 2011 2825; x_wconf 83' lang='lat' dir='ltr'><strong>Rom.</strong></span> <span class='ocrx_word' id='word_1_739' title='bbox 2033 2795 2167 2832; x_wconf 86' lang='lat' dir='ltr'><strong>[venet.</strong></span> <span class='ocrx_word' id='word_1_740' title='bbox 2192 2801 2335 2831; x_wconf 87' lang='lat' dir='ltr'><strong>quoque,</strong></span> <span class='ocrx_word' id='word_1_741' title='bbox 2363 2791 2416 2820; x_wconf 85' lang='lat' dir='ltr'><strong>Ex</strong></span> <span class='ocrx_word' id='word_1_742' title='bbox 2427 2791 2533 2828; x_wconf 68' lang='lat' dir='ltr'><strong>Anu]</strong></span> 
     </span>
     <span class='ocr_line' id='line_1_110' title="bbox 1462 2835 2536 2881; baseline -0.007 -10"><span class='ocrx_word' id='word_1_743' title='bbox 1462 2840 1596 2871; x_wconf 84' lang='lat' dir='ltr'><strong>habent·</strong></span> <span class='ocrx_word' id='word_1_744' title='bbox 1618 2841 1713 2870; x_wconf 82' lang='lat' dir='ltr'><strong>Deos</strong></span> <span class='ocrx_word' id='word_1_745' title='bbox 1728 2849 1739 2869; x_wconf 84' lang='grc'><strong>.-</strong></span> <span class='ocrx_word' id='word_1_746' title='bbox 1784 2836 1883 2871; x_wconf 52' lang='grc' dir='ltr'><strong>ιιῐντὸ</strong></span> <span class='ocrx_word' id='word_1_747' title='bbox 1908 2840 1981 2879; x_wconf 76' lang='lat' dir='ltr'><strong>ipse</strong></span> <span class='ocrx_word' id='word_1_748' title='bbox 2004 2849 2073 2870; x_wconf 91' lang='lat' dir='ltr'><strong>non</strong></span> <span class='ocrx_word' id='word_1_749' title='bbox 2096 2840 2136 2869; x_wconf 92' lang='lat' dir='ltr'><strong>ad</strong></span> <span class='ocrx_word' id='word_1_750' title='bbox 2160 2839 2349 2877; x_wconf 83' lang='lat' dir='ltr'><strong>Apollinem</strong></span> <span class='ocrx_word' id='word_1_751' title='bbox 2374 2836 2433 2865; x_wconf 89' lang='lat' dir='ltr'><strong>sed</strong></span> <span class='ocrx_word' id='word_1_752' title='bbox 2457 2835 2536 2881; x_wconf 82' lang='lat' dir='ltr'><strong>Gal-</strong></span> 
     </span>
     <span class='ocr_line' id='line_1_111' title="bbox 1461 2881 2536 2920; baseline -0.006 -4"><span class='ocrx_word' id='word_1_753' title='bbox 1461 2886 1561 2917; x_wconf 90' lang='lat' dir='ltr'><strong>licum</strong></span> <span class='ocrx_word' id='word_1_754' title='bbox 1588 2887 1767 2916; x_wconf 81' lang='lat' dir='ltr'><strong>referatur.</strong></span> <span class='ocrx_word' id='word_1_755' title='bbox 1814 2886 1858 2915; x_wconf 89' lang='lat' dir='ltr'><strong>Et</strong></span> <span class='ocrx_word' id='word_1_756' title='bbox 1881 2894 1962 2916; x_wconf 90' lang='lat' dir='ltr'><strong>saue</strong></span> <span class='ocrx_word' id='word_1_757' title='bbox 1992 2885 2056 2916; x_wconf 85' lang='lat' dir='ltr'><strong>hoc</strong></span> <span class='ocrx_word' id='word_1_758' title='bbox 2077 2894 2192 2915; x_wconf 82' lang='lat' dir='ltr'><strong>verum</strong></span> <span class='ocrx_word' id='word_1_759' title='bbox 2218 2889 2286 2914; x_wconf 88' lang='lat' dir='ltr'><strong>est:</strong></span> <span class='ocrx_word' id='word_1_760' title='bbox 2312 2883 2353 2912; x_wconf 87' lang='lat' dir='ltr'><strong>de</strong></span> <span class='ocrx_word' id='word_1_761' title='bbox 2380 2881 2536 2920; x_wconf 86' lang='lat' dir='ltr'><strong>Apolline</strong></span> 
     </span>
     <span class='ocr_line' id='line_1_112' title="bbox 1463 2928 2536 2971; baseline -0.006 -9"><span class='ocrx_word' id='word_1_762' title='bbox 1463 2932 1550 2962; x_wconf 85' lang='lat' dir='ltr'><strong>enim</strong></span> <span class='ocrx_word' id='word_1_763' title='bbox 1583 2933 1774 2971; x_wconf 70' lang='lat' dir='ltr'><strong>adjuvante</strong></span> <span class='ocrx_word' id='word_1_764' title='bbox 1804 2931 1902 2961; x_wconf 87' lang='lat' dir='ltr'><strong>modo</strong></span> <span class='ocrx_word' id='word_1_765' title='bbox 1931 2931 2079 2961; x_wconf 74' lang='lat' dir='ltr'><strong>dixerat:</strong></span> <span class='ocrx_word' id='word_1_766' title='bbox 2119 2931 2187 2968; x_wconf 86' lang='lat' dir='ltr'><strong>jam</strong></span> <span class='ocrx_word' id='word_1_767' title='bbox 2223 2931 2339 2959; x_wconf 84' lang='lat' dir='ltr'><strong>narrat</strong></span> <span class='ocrx_word' id='word_1_768' title='bbox 2370 2928 2536 2958; x_wconf 86' lang='lat' dir='ltr'><strong>Gallicum</strong></span> 
     </span>
     <span class='ocr_line' id='line_1_113' title="bbox 1461 2975 2534 3015; baseline -0.005 -7"><span class='ocrx_word' id='word_1_769' title='bbox 1461 2987 1524 3015; x_wconf 88' lang='lat' dir='ltr'><strong>pro</strong></span> <span class='ocrx_word' id='word_1_770' title='bbox 1562 2986 1624 3007; x_wconf 88' lang='lat' dir='ltr'><strong>sua</strong></span> <span class='ocrx_word' id='word_1_771' title='bbox 1656 2980 1751 3015; x_wconf 84' lang='lat' dir='ltr'><strong>parte</strong></span> <span class='ocrx_word' id='word_1_772' title='bbox 1779 2977 1967 3014; x_wconf 86' lang='lat' dir='ltr'><strong>Apollinem</strong></span> <span class='ocrx_word' id='word_1_773' title='bbox 1999 2980 2046 3006; x_wconf 83' lang='lat' dir='ltr'><strong>et·</strong></span> <span class='ocrx_word' id='word_1_774' title='bbox 2077 2975 2312 3014; x_wconf 84' lang='lat' dir='ltr'><strong>Aesculapium</strong></span> <span class='ocrx_word' id='word_1_775' title='bbox 2332 2975 2534 3013; x_wconf 79' lang='lat' dir='ltr'><strong>adjuvasse,</strong></span> 
     </span>
     <span class='ocr_line' id='line_1_114' title="bbox 1461 3021 2535 3061; baseline -0.003 -8"><span class='ocrx_word' id='word_1_776' title='bbox 1461 3024 1612 3061; x_wconf 85' lang='lat' dir='ltr'><strong>paratum</strong></span> <span class='ocrx_word' id='word_1_777' title='bbox 1649 3025 1683 3052; x_wconf 89' lang='lat' dir='ltr'><strong>et</strong></span> <span class='ocrx_word' id='word_1_778' title='bbox 1714 3021 1856 3051; x_wconf 85' lang='lat' dir='ltr'><strong>habilem</strong></span> <span class='ocrx_word' id='word_1_779' title='bbox 1893 3030 1928 3051; x_wconf 88' lang='lat' dir='ltr'><strong>se</strong></span> <span class='ocrx_word' id='word_1_780' title='bbox 1959 3022 2179 3059; x_wconf 81' lang='lat' dir='ltr'><strong>praestando,</strong></span> <span class='ocrx_word' id='word_1_781' title='bbox 2229 3025 2263 3051; x_wconf 91' lang='lat' dir='ltr'><strong>et</strong></span> <span class='ocrx_word' id='word_1_782' title='bbox 2294 3021 2535 3051; x_wconf 76' lang='lat' dir='ltr'><strong>medicamenta</strong></span> 
     </span>
     <span class='ocr_line' id='line_1_115' title="bbox 1464 3067 2549 3106; baseline -0.001 -9"><span class='ocrx_word' id='word_1_783' title='bbox 1464 3076 1581 3099; x_wconf 89' lang='lat' dir='ltr'><strong>eorum</strong></span> <span class='ocrx_word' id='word_1_784' title='bbox 1608 3068 1752 3097; x_wconf 86' lang='lat' dir='ltr'><strong>libenter</strong></span> <span class='ocrx_word' id='word_1_785' title='bbox 1770 3067 1932 3097; x_wconf 85' lang='lat' dir='ltr'><strong>sumendo</strong></span> <span class='ocrx_word' id='word_1_786' title='bbox 1954 3070 1989 3097; x_wconf 89' lang='lat' dir='ltr'><strong>et</strong></span> <span class='ocrx_word' id='word_1_787' title='bbox 2011 3067 2220 3106; x_wconf 81' lang='lat' dir='ltr'><strong>occupando.</strong></span> <span class='ocrx_word' id='word_1_788' title='bbox 2266 3069 2305 3096; x_wconf 86' lang='lat' dir='ltr'><strong>lu</strong></span> <span class='ocrx_word' id='word_1_789' title='bbox 2331 3068 2549 3098; x_wconf 73' lang='lat' dir='ltr'><strong>contextum</strong></span> 
     </span>
     <span class='ocr_line' id='line_1_116' title="bbox 1463 3111 2536 3153; baseline -0.001 -10"><span class='ocrx_word' id='word_1_790' title='bbox 1463 3112 1583 3151; x_wconf 79' lang='lat' dir='ltr'><strong>itaque</strong></span> <span class='ocrx_word' id='word_1_791' title='bbox 1599 3112 1784 3152; x_wconf 76' lang='lat' dir='ltr'><strong>recipiatur</strong></span> <span class='ocrx_word' id='word_1_792' title='bbox 1805 3111 1961 3150; x_wconf 63' lang='lat' dir='ltr'><strong>adjuvat</strong></span> <span class='ocrx_word' id='word_1_793' title='bbox 1977 3114 2052 3151; x_wconf 78' lang='lat' dir='ltr'><strong>ipse</strong></span> <span class='ocrx_word' id='word_1_794' title='bbox 2071 3119 2174 3151; x_wconf 77' lang='lat' dir='ltr'><strong>DEOS,</strong></span> <span class='ocrx_word' id='word_1_795' title='bbox 2197 3113 2377 3153; x_wconf 73' lang='lat' dir='ltr'><strong>morboque</strong></span> <span class='ocrx_word' id='word_1_796' title='bbox 2404 3119 2536 3144; x_wconf 62' lang='lat' dir='ltr'><strong>vamu-</strong></span> 
     </span>
     <span class='ocr_line' id='line_1_117' title="bbox 1463 3157 2550 3199; baseline 0 -10"><span class='ocrx_word' id='word_1_797' title='bbox 1463 3166 1546 3189; x_wconf 74' lang='lat' dir='ltr'><strong>Tms</strong></span> <span class='ocrx_word' id='word_1_798' title='bbox 1578 3160 1670 3189; x_wconf 66' lang='lat' dir='ltr'><strong>omni·</strong></span> <span class='ocrx_word' id='word_1_799' title='bbox 1703 3157 1864 3196; x_wconf 82' lang='lat' dir='ltr'><strong>Occupat</strong></span> <span class='ocrx_word' id='word_1_800' title='bbox 1889 3159 2071 3188; x_wconf 67' lang='lat' dir='ltr'><strong>auxilium.</strong></span> <span class='ocrx_word' id='word_1_801' title='bbox 2128 3161 2234 3189; x_wconf 73' lang='lat' dir='ltr'><strong>versu</strong></span> <span class='ocrx_word' id='word_1_802' title='bbox 2259 3159 2433 3199; x_wconf 81' lang='lat' dir='ltr'><strong>proximo,</strong></span> <span class='ocrx_word' id='word_1_803' title='bbox 2472 3167 2550 3197; x_wconf 33' lang='lat' dir='ltr'><strong>pro*</strong></span> 
     </span>
     <span class='ocr_line' id='line_1_118' title="bbox 1463 3203 2537 3244; baseline 0.001 -11"><span class='ocrx_word' id='word_1_804' title='bbox 1463 3209 1543 3235; x_wconf 87' lang='lat' dir='ltr'><strong>arte</strong></span> <span class='ocrx_word' id='word_1_805' title='bbox 1567 3203 1752 3244; x_wconf 85' lang='lat' dir='ltr'><strong>Acmonia,</strong></span> <span class='ocrx_word' id='word_1_806' title='bbox 1774 3203 1970 3234; x_wconf 83' lang='lat' dir='ltr'><strong>Bernartius</strong></span> <span class='ocrx_word' id='word_1_807' title='bbox 1995 3206 2108 3243; x_wconf 88' lang='lat' dir='ltr'><strong>sperat</strong></span> <span class='ocrx_word' id='word_1_808' title='bbox 2132 3205 2330 3244; x_wconf 79' lang='lat' dir='ltr'><strong>placituram</strong></span> <span class='ocrx_word' id='word_1_809' title='bbox 2354 3214 2430 3235; x_wconf 89' lang='lat' dir='ltr'><strong>esse</strong></span> <span class='ocrx_word' id='word_1_810' title='bbox 2456 3213 2537 3235; x_wconf 89' lang='lat' dir='ltr'><strong>con-</strong></span> 
     </span>
     <span class='ocr_line' id='line_1_119' title="bbox 1458 3250 2552 3293; baseline -0.002 -10"><span class='ocrx_word' id='word_1_811' title='bbox 1458 3250 1632 3290; x_wconf 70' lang='lat' dir='ltr'><strong>jecturam</strong></span> <span class='ocrx_word' id='word_1_812' title='bbox 1651 3259 1757 3293; x_wconf 79' lang='lat' dir='ltr'><strong>snam,</strong></span> <span class='ocrx_word' id='word_1_813' title='bbox 1780 3258 1864 3282; x_wconf 80' lang='lat' dir='ltr'><strong>aere</strong></span> <span class='ocrx_word' id='word_1_814' title='bbox 1883 3250 2061 3283; x_wconf 81' lang='lat' dir='ltr'><strong>Aemonio.</strong></span> <span class='ocrx_word' id='word_1_815' title='bbox 2086 3259 2157 3283; x_wconf 83' lang='lat' dir='ltr'><strong>non</strong></span> <span class='ocrx_word' id='word_1_816' title='bbox 2181 3250 2283 3283; x_wconf 83' lang='lat' dir='ltr'><strong>mibi:</strong></span> <span class='ocrx_word' id='word_1_817' title='bbox 2309 3252 2426 3291; x_wconf 82' lang='lat' dir='ltr'><strong>potius</strong></span> <span class='ocrx_word' id='word_1_818' title='bbox 2448 3251 2552 3282; x_wconf 52' lang='lat' dir='ltr'><strong>eninm</strong></span> 
     </span>
    </p>
   </div>
   <div class='ocr_carea' id='block_1_14' title="bbox 1857 2472 2343 2512">
    <p class='ocr_par' dir='ltr' id='par_1_26' title="bbox 1857 2472 2343 2512">
     <span class='ocr_line' id='line_1_120' title="bbox 1857 2472 2343 2512; baseline -0.002 -10"><span class='ocrx_word' id='word_1_819' title='bbox 1857 2473 2037 2512; x_wconf 77' lang='lat' dir='ltr'><strong>morboque</strong></span> <span class='ocrx_word' id='word_1_820' title='bbox 2059 2472 2226 2502; x_wconf 86' lang='lat' dir='ltr'><strong>valentior</strong></span> <span class='ocrx_word' id='word_1_821' title='bbox 2247 2472 2343 2501; x_wconf 69' lang='lat' dir='ltr'><strong>omni</strong></span> 
     </span>
    </p>
   </div>
  </div>
 </body>
</html>
