2892 3840
406 443 471 492 10
1117 455 1161 491 P.
1232 454 1610 493 PAPINII
1690 455 2013 497 STAT112

402 564 687 632 Lampade,
713 573 999 631 parcentes,
1029 573 1080 614 et
1108 567 1261 615 inerti
1295 567 1597 618 strinximus
1626 584 1758 618 arcu.

402 657 489 705 Ex
520 657 607 705 illo
641 663 853 721 quantos
878 658 1084 719 juvenis
1118 664 1317 721 premat
1351 659 1536 705 anxius
1572 661 1729 721 ignes,

403 747 570 796 Testis
602 762 722 809 ego,
758 748 1002 795 attonitus
1031 755 1274 811 quantum
1302 761 1385 794 me
1417 756 1564 796 nocte
1600 749 1792 815 dieque-

400 835 673 900 Urgentem
709 837 863 884 ferat:
896 835 1034 885 haud
1060 837 1154 883 ulli
1187 837 1539 887 vehementior
1566 855 1790 905 unquam

400 928 631 986 Incubui,
660 928 881 989 genitrix
895 960 909 985 ,
943 927 1223 991 iterataque
1253 929 1465 978 vulnera
1497 930 1605 976 fixi.

400 1016 516 1066 vidi
551 1032 642 1079 ego
675 1023 726 1063 et
756 1017 943 1063 immiti
971 1016 1210 1080 cupidum
1243 1018 1520 1067 decurrere·
1546 1035 1734 1085 campo.

397 1106 795 1171 Hippomenem,
830 1120 923 1154 nec
959 1107 1030 1154 sic
1059 1114 1197 1154 meta
1229 1109 1452 1171 pallebat
1480 1111 1536 1157 in
1562 1110 1691 1158 ima:

397 1196 513 1244 Vidi
551 1203 602 1242 et
633 1194 873 1257 Abydeni
901 1197 1106 1258 jilvenis
1141 1199 1385 1246 certantia
1419 1200 1574 1247 remis

395 1286 631 1344 Brachia,
665 1285 969 1350 laudavique
997 1301 1204 1345 manus,
1236 1295 1287 1334 et
1321 1303 1483 1352 saepe>
1502 1290 1704 1336 natanti

395 1375 654 1423 Praeluxi:
686 1377 852 1423 minor
885 1376 970 1422 ille
999 1376 1157 1434 calor,
1187 1392 1284 1441 quo
1319 1392 1474 1427 saeva
1507 1377 1755 1442 tepebant

395 1464 643 1529 Aequora.
716 1473 772 1512 tu
806 1472 1033 1524 veteres,
1064 1467 1297 1528 juvenis,
1329 1474 1670 1530 transgressus
1699 1483 1925 1519 amores:

393 1557 505 1622 Ipse
541 1572 632 1619 ego
667 1564 716 1604 te
750 1564 917 1605 tantos
951 1558 1120 1622 stupui
1158 1557 1377 1606 durasse·
1400 1575 1492 1623 per
1526 1566 1714 1618 aestus,

393 1645 720 1711 Firmavique
753 1648 948 1694 animos
963 1681 977 1705 ,
1014 1646 1310 1712 blandisque
1345 1648 1605 1696 madentia
1632 1649 1817 1714 plumis

393 1737 610 1786 Lumina
645 1738 845 1786 detersi.
917 1740 1112 1803 quoties
1146 1740 1273 1787 mihi
1302 1748 1507 1804 questus
1538 1739 1722 1804 Apollo

394 1829 476 1877 Sic
501 1835 675 1878 vatem
704 1844 931 1875 moerere
965 1830 1134 1876 suum!
1160 1830 1298 1891 jam,
1328 1837 1516 1887 mater,
1552 1836 1761 1877 amatos<

391 1919 596 1981 Indulge
626 1920 896 1968 thalamos.⁴
956 1928 1128 1967 noster
1159 1936 1325 1968 comes
1357 1921 1441 1967 ille
1476 1922 1699 1984 piusque-

393 2009 612 2071 Signifer
641 2010 905 2057 armiferos
940 2017 1141 2075 poterat
1175 2025 1456 2057 memorare
1488 2010 1703 2069 labores,

393 2099 636 2164 Claraque
665 2101 800 2148 facta
831 2102 999 2151 virium
1032 2110 1083 2148 et
1112 2109 1359 2148 torrentes
1394 2103 1635 2163 sanguine
1668 2115 1894 2166 campos3

392 2190 474 2238 Sic
504 2190 597 2237 tibi
630 2189 820 2253 plectra
851 2190 1017 2247 dedit,
1053 2192 1290 2254 mitisque
1316 2190 1549 2238 incedere
1583 2198 1729 2240 vates

391 2281 594 2339 Maluit,
626 2288 678 2326 ct
712 2288 886 2328 nostra
913 2281 1110 2328 laurum
1140 2281 1412 2328 subtexere
1440 2288 1624 2342 myrto.

390 2370 487 2419 Hic
515 2372 765 2434 juvenum
800 2371 998 2435 lapsus,
1035 2386 1247 2434 suaque,
1284 2371 1422 2418 haud
1454 2380 1712 2429 extrema,
1746 2370 1967 2421 revolvit

391 2462 623 2510 Vulnera.
695 2477 785 2526 pro
816 2469 1002 2526 quanta
1037 2470 1114 2509 est
1139 2463 1318 2526 Paphii
1347 2464 1635 2511 reverentia
1653 2496 1667 2521 ‚
1694 2469 1873 2519 mater,

390 2552 650 2601 Numinis!
687 2552 768 2598 hic
797 2559 1000 2598 nostrae
1037 2551 1244 2601 deflevit
1280 2552 1386 2600 fata
1415 2551 1715 2600 Columbae-

391 2645 638 2703 Dixerat3
673 2651 725 2690 et
759 2651 934 2690 tenera
973 2646 1149 2690 matris
1182 2645 1374 2692 cervice
1404 2643 1649 2707 pependit

393 2733 639 2791 Blandus,
677 2740 728 2779 et
760 2733 977 2779 admotis
1010 2733 1246 2796 tepefecit
1272 2740 1476 2796 pectora
1507 2732 1701 2797 pennis.

393 2825 484 2876 Illa
511 2825 692 2882 refert,
726 2824 872 2873 vultu
906 2838 1009 2871 non
1045 2830 1317 2888 aspernata·
1340 2824 1529 2885 rogari:

399 2914 600 2963 Grande
637 2913 868 2977 quidem,
904 2928 1170 2977 rarumque
1202 2915 1327 2963 viris
1359 2928 1483 2979 quos
1512 2914 1626 2978 ipsa
1657 2910 1899 2977 probavi,

400 3006 592 3054 Pierius
620 3013 799 3055 votum
822 3006 1027 3068 jtlvenis
1061 3007 1214 3070 capit:
1242 3006 1370 3054 hanc
1399 3021 1518 3068 eg0,
1555 3005 1747 3053 formae

2594 1032 2666 1076 85.

2554 2373 2652 2418 100

493 3240 532 3269 V.
557 3241 612 3270 80.
637 3238 735 3278 Vulg.
760 3246 897 3270 mmm.
923 3241 977 3270 86.
1002 3246 1091 3270 msa.
1119 3241 1172 3271 89.
1199 3247 1384 3271 PRAELUSI.
1410 3241 1465 3272 91.
1490 3245 1701 3271 SUPERESSE.
1751 3239 1823 3278 [98.
1853 3243 1916 3269 s1c.
1940 3235 1988 3267 ita
2011 3231 2199 3267 Marklandi
2224 3231 2318 3263 iussu
2339 3230 2510 3270 scriptum.
2535 3230 2645 3261 Antea

400 3302 495 3327 nme.
514 3303 582 3327 Eo.
608 3298 693 3337 Dis-1
744 3299 819 3328 100.
851 3304 1032 3329 EXTERNA.
1084 3300 1159 3329 105.
1187 3300 1223 3329 L.
1251 3305 1458 3331 nocANTEm.
1500 3299 1575 3329 107.
1602 3297 1701 3337 vulg.
1726 3303 1841 3328 cumr,
