2892 3840
397 417 499 467 286
1258 407 1446 457 NOTAE
1481 418 1551 458 Ao
1584 409 1690 458 Lm.
1725 410 1804 458 111.
1842 415 1889 461 3.
2516 437 2645 487 9155

399 549 524 581 Parum
549 543 713 586 interest,
739 550 814 575 cum
843 538 1009 572 utrumvis
1035 537 1176 577 probum
1203 533 1258 566 sit.
1305 535 1380 566 Hae
1402 543 1489 567 vero

402 603 507 628 voces
524 593 678 634 placare
700 591 735 621 et
754 597 891 628 pacare
915 587 998 616 adeo
1023 591 1124 622 saepe
1145 582 1180 612 in
1197 579 1377 614 codicibus
1398 590 1490 612 com-

402 644 594 678 mutantur,
644 639 684 667 ut
715 635 772 666 vix
811 634 921 663 Iocum
958 628 1130 661 inveneris
1165 629 1200 659 in
1233 636 1298 667 quo
1331 626 1395 658 hoc
1431 627 1488 668 sit,

402 689 484 727 quin
517 685 600 717 illud
632 690 765 722 quoque
795 687 856 717 pro
887 676 983 707 varia
1013 675 1161 706 lectione
1196 673 1379 714 repereris.
1435 676 1488 706 Ita

401 735 509 765 Theb.
544 733 610 770 lv,
644 731 722 759 250.
767 732 828 761 pro
851 723 1011 753 Paeabat
1037 730 1147 752 cornu
1175 721 1287 753 codex
1307 720 1398 751 Petr.
1426 719 1488 750 ha-

402 783 459 813 bet
490 777 677 809 Placebat.
722 770 842 801 Pietat.
873 770 995 800 Abasc.
1028 769 1072 799 ad
1104 768 1159 798 tin.
1194 777 1255 807 pro
1290 766 1488 798 Pacantem

401 833 519 859 terras
546 821 648 853 Editt.
671 819 780 848 Parm.
810 817 845 846 et
875 815 969 845 Rom.
995 814 1231 853 Placantem5
1262 813 1371 853 male,
1408 811 1487 851 quia

398 868 621 914 praecedebat
651 864 790 894 Placent.
808 864 1019 902 pac-avimus
1050 863 1146 901 iras,
1190 863 1230 891 ut
1263 860 1384 891 Horat.
1414 860 1487 891 Art.

450 922 492 949 et.
517 924 547 945 v.
582 912 657 943 197.

400 922 446 952 Po
490 961 540 991 Et
561 962 663 998 regat
683 956 819 991 iratos,
847 959 880 985 et
906 959 997 985 amet
1024 962 1149 992 pacare
1177 951 1367 983 tumentes:

398 1009 455 1040 ubi
480 1006 558 1037 vide
582 1003 632 1034 cI.
660 1001 874 1032 Rentleium:
919 1002 953 1030 et
979 999 1233 1031 Drakenborch.
1259 999 1301 1029 ad
1324 997 1385 1028 Sil.
1409 995 1485 1027 Ital.

399 1057 454 1094 11,
477 1052 556 1083 483.
595 1049 750 1079 Placare
772 1049 849 1078 iras
873 1055 1007 1086 quoque
1031 1046 1154 1086 passim
1182 1043 1342 1076 occurrit.
1389 1044 1486 1083 Mox,

398 1109 430 1131 v.
462 1100 536 1130 186.
573 1105 636 1135 pro
668 1096 794 1135 ignare
825 1094 1003 1133 legendum
1033 1095 1195 1134 ingratis,-
1240 1091 1328 1130 quod
1354 1091 1389 1120 et
1413 1098 1486 1119 mo-

397 1145 474 1177 nuit
509 1141 701 1174 Gronovius
748 1140 859 1171 Diatr.
903 1150 933 1171 c.
965 1139 1126 1170 XXXIII.
1161 1147 1204 1169 ex
1237 1140 1308 1170 Ms.
1342 1137 1485 1168 senens.

397 1192 500 1224 Editt.
532 1191 626 1220 Rom.
662 1190 698 1218 et
734 1189 819 1218 Ven.
872 1186 916 1217 Et
947 1185 994 1216 ita
1030 1195 1162 1225 quoque
1194 1182 1397 1216 Parmensis.
1435 1183 1487 1213 al-

397 1243 472 1270 tera
516 1236 618 1267 lectio
659 1236 783 1275 ignare
818 1231 903 1263 salsa
945 1234 1005 1262 est.
1065 1233 1229 1263 Etruscus
1272 1230 1362 1261 enim
1394 1228 1484 1259 tilius

396 1283 486 1326 patri
525 1282 676 1322 relegato
703 1279 953 1311 restitutionem
978 1279 1019 1309 ab
1044 1279 1167 1318 Imper.
1201 1276 1395 1308 Domitiano
1422 1274 1486 1305 im-

396 1330 566 1372 petravit;
611 1327 718 1370 (unde
741 1326 827 1367 ista,
870 1326 966 1356 modo
993 1327 1137 1356 numina
1162 1325 1281 1364 magni
1301 1322 1483 1353 Praesidis

398 1378 480 1417 etc.)
519 1374 612 1415 atqui
657 1373 826 1412 quomodo
859 1371 958 1410 hujus
989 1370 1042 1402 rei
1082 1373 1229 1413 ignarus
1263 1378 1337 1400 esse
1374 1367 1485 1408 potuit

396 1426 563 1457 Etruscus
595 1420 717 1460 pater?
760 1421 923 1460 ingratus
960 1416 1084 1460 igitur²
1127 1416 1183 1457 qui
1223 1425 1291 1447 non
1329 1424 1408 1446 usus
1435 1415 1488 1445 est

396 1471 462 1502 hoc
487 1467 651 1500 beneflcio
675 1466 829 1496 Caesaris
853 1468 888 1496 et
911 1463 969 1494 filii
994 1463 1057 1494 sui.

447 1524 479 1546 v.
503 1515 581 1545 192.
651 1511 746 1551 Ergo
776 1511 976 1542 Thessalici
996 1511 1077 1546 etc.]
1126 1506 1317 1539 Parmensis
1343 1503 1487 1543 auctius,

400 1562 498 1602 Ergo
522 1568 569 1590 ΕΤ
600 1557 796 1588 Thessalici
818 1559 882 1586 etc.
909 1554 999 1592 quod
1020 1562 1137 1584 verum
1171 1555 1242 1583 est:
1281 1559 1327 1582 ET
1356 1549 1488 1588 conjux

406 1606 600 1638 fl'laessalici
621 1603 744 1634 mariti
764 1609 811 1632 ΕΤ
835 1600 987 1640 supplex
1016 1599 1201 1639 Thracius,
1227 1606 1287 1627 seu
1316 1595 1487 1637 Orpheus.

400 1661 450 1686 ετ
478 1652 609 1691 conjua-
634 1651 685 1679 est
710 1654 823 1679 ΕΤῙΑΜ
852 1646 1004 1686 conjux,
1046 1654 1107 1684 per
1129 1645 1294 1687 flectamur.-
1331 1641 1488 1673 Potuitne

399 1706 535 1732 mutum
569 1703 714 1736 pensare
745 1694 846 1724 funus
881 1699 1030 1728 ΜΑκιτῐς
1077 1698 1147 1721 Eoo
1183 1698 1252 1721 non
1280 1689 1404 1728 possim
1426 1695 1490 1718 ΡΑ-

401 1746 516 1778 Tms?
541 1743 588 1774 ita
614 1741 650 1772 in
676 1742 783 1772 altero
806 1739 983 1778 exemplo:
1008 1737 1164 1767 Potuitne
1195 1736 1339 1775 supplex
1364 1736 1488 1765 'rnna-

402 1799 479 1824 ειυς
513 1797 660 1822 exorare
699 1789 802 1827 Styga
826 1795 888 1825 pro
910 1790 1087 1820 cosmam
1139 1791 1203 1822 ego
1222 1782 1394 1812 nonnus
1418 1790 1488 1811 non

402 1837 526 1877 possim
560 1844 622 1875 pro
653 1833 798 1865 PATRE?
839 1831 1002 1863 Similiter
1035 1829 1287 1867 conjunguntur
1324 1826 1486 1866 Orpheus

403 1889 438 1916 et
474 1883 625 1914 Alcestis
658 1880 692 1910 in
726 1888 763 1910 re
788 1877 909 1917 simili,
952 1875 1093 1914 Epiced.
1119 1876 1208 1905 Patr.
1236 1882 1267 1904 v.
1294 1875 1374 1906 271.
1421 1874 1485 1904 Pro

399 1930 566 1970 Phryga,
610 1935 712 1957 versu
756 1924 909 1964 proxime
943 1921 1120 1962 sequenti,
1172 1919 1297 1960 optime
1333 1922 1483 1951 Cruceus

400 1977 524 2017 Styga.
553 1975 692 2005 vincere
720 1971 832 2012 Styga
856 1971 906 2000 est
928 1968 1111 2008 impetrare
1135 1976 1155 1997 a
1182 1970 1303 2006 Styge,
1335 1975 1483 1997 exorare

397 2026 522 2063 Styga,
566 2021 605 2050 ut
640 2018 886 2050 transmitteret
918 2019 953 2047 et
980 2015 1171 2046 remitteret
1197 2014 1339 2053 Orphea.
1386 2014 1483 2043 Hanc

394 2068 517 2100 Crucei
575 2066 803 2104 conjecturam
860 2064 1006 2102 probant
1055 2061 1249 2092 Gronovius
1301 2059 1409 2091 Diatr.
1453 2069 1481 2090 c.

396 2115 555 2146 xxxin.
583 2116 616 2143 et
641 2111 800 2142 Heinsius
828 2110 871 2140 ad
895 2109 993 2140 Ovid.
1015 2107 1152 2138 Hei-oid.
1171 2106 1326 2149 yxvm,
1345 2108 1402 2137 21.
1425 2105 1484 2136 ubi

397 2171 460 2201 pro
495 2167 545 2191 ΑΗ
571 2163 702 2199 quanto
727 2159 849 2188 melius
873 2165 938 2195 pro
959 2163 1067 2195 patre
1095 2155 1234 2189 liceret,
1280 2153 1408 2183 mavult
1433 2160 1483 2183 AT

399 2212 529 2246 quanm
560 2206 680 2235 melius
708 2208 773 2235 etc.
820 2203 899 2233 Non
924 2209 1008 2240 opus
1036 2202 1107 2232 est:
1137 2201 1170 2230 et
1198 2200 1342 2231 alterum
1369 2200 1484 2230 tuetur

398 2254 493 2284 locus
518 2251 679 2281 Thebaid.
708 2251 777 2290 111,
801 2249 881 2279 286.

894 2300 943 2323 ΑΗ
967 2302 1043 2322 mea
1068 2293 1192 2330 quanto

492 2342 656 2374 Sithonia
678 2341 813 2370 mallem
838 2342 1021 2379 nupsisset
1042 2341 1139 2378 rirgo
1167 2337 1228 2368 sub
1251 2334 1385 2367 Arcto!

397 2389 589 2421 Parmensis
614 2390 739 2424 tamen,
764 2389 802 2416 ut
827 2395 943 2416 verum
972 2385 1147 2423 fateamur,
1170 2384 1270 2414 habet
1297 2391 1345 2414 ΛΤ
1371 2393 1483 2424 quan-

399 2442 434 2466 to
455 2436 587 2466 melius.
633 2436 715 2464 Mox
730 2455 739 2473 ‚
771 2441 804 2462 v.
832 2434 909 2463 198.
938 2430 1012 2470 Ego
1036 2432 1102 2460 rite
1126 2430 1258 2470 minor,
1283 2438 1484 2470 semperque

399 2483 570 2514 secundus
605 2481 669 2510 etc.
706 2481 840 2516 minor,
891 2478 923 2508 id
956 2479 1031 2515 est,
1077 2478 1115 2506 ut
1147 2478 1340 2507 ministrum
1375 2476 1484 2517 decet,

396 2530 603 2571 inferiorem
623 2535 660 2556 se
684 2525 825 2556 ferendo
851 2526 884 2554 et
899 2523 1053 2554 fatendo:
1079 2522 1261 2554 Horatius:

534 2575 622 2604 Diis
647 2577 680 2602 te
704 2578 867 2603 auxonam
891 2571 980 2611 quod
1000 2571 1117 2610 geris,
1140 2571 1306 2609 imperas.

396 2618 533 2650 Tacitus
563 2621 604 2650 de
637 2618 761 2649 Morib.
795 2618 906 2647 Germ.
955 2617 1059 2647 Nemo
1095 2617 1166 2646 m'si
1187 2613 1483 2655 circumligatus

394 2666 607 2706 ingreditur,
637 2670 677 2695 ut
701 2670 837 2704 sna-on,
871 2669 907 2694 et
926 2667 1134 2702 potestatem
1161 2661 1311 2692 numinis
1329 2669 1421 2699 prae
1447 2670 1484 2692 se

388 2714 527 2755 ferens.
590 2709 783 2741 Parmensis
829 2719 891 2748 pro
926 2711 1039 2739 minor
1076 2708 1175 2738 habet
1210 2716 1360 2737 memor:
1405 2715 1484 2744 per-

395 2767 578 2835 petra-“isso-
668 2800 812 2832 Assidue
850 2800 964 2830 libabo
992 2799 1128 2836 dapes]
1176 2796 1300 2827 Melius
1323 2797 1484 2827 Parmen-

395 2850 461 2890 sis,
487 2848 649 2880 Assiduas
681 2848 795 2879 libabo
817 2847 937 2885 dapes.
986 2844 1109 2876 Similis
1133 2844 1227 2874 loc-us
1250 2843 1334 2873 Piet.
1359 2844 1480 2873 Abasc.

396 2905 429 2927 v.
452 2897 531 2929 235·
674 2941 906 2970 circumstant
921 2936 1076 2978 famuli,
1105 2940 1338 2975 consuetaque
1363 2935 1469 2965 turba

488 2987 678 3026 obsequiis.
702 2992 772 3017 tum
797 2988 868 3017 rite
891 2985 965 3015 tori
986 2991 1190 3020 mensaeque
1209 2986 1393 3022 parantur

486 3033 669 3063 Assiduae:

399 3078 445 3107 ita
478 3083 511 3107 et
543 3079 587 3108 ihi
622 3078 830 3118 Parmensis,
874 3085 944 3106 non
979 3073 1140 3106 Assidue.
1197 3075 1294 3105 Vers.
1321 3075 1399 3104 200.
1419 3081 1481 3111 pro

401 3123 516 3153 lucida
551 3133 646 3155 sara
678 3126 772 3155 Rom.
810 3123 951 3162 dulcia,
994 3121 1102 3152 literis
1124 3120 1357 3160 transpositis:
1403 3128 1481 3158 per-

401 3176 526 3205 peram.
554 3170 667 3199 lueida
691 3180 788 3201 saa-a
815 3173 893 3209 sunt
923 3178 1086 3209 gemmae.
1133 3168 1305 3207 Sequitur,

495 3213 540 3242 Te
560 3216 698 3245 similem
724 3217 842 3246 doctae
868 3217 998 3257 referet
1024 3215 1107 3244 milei
1131 3215 1224 3244 linea
1251 3222 1378 3245 cerae:

399 3256 559 3288 Heinsius
593 3258 626 3288 in
658 3270 718 3291 ora
745 3261 797 3291 sui
822 3260 1024 3299 exemplaris
1051 3260 1243 3299 corrigebat
1270 3261 1397 3291 ductae
1421 3269 1482 3298 pro

1558 538 1700 580 doctae,
1725 537 1895 570 referente
1926 538 1976 570 el.
2000 539 2192 573 Burmann«)
2216 542 2260 575 ad
2283 542 2379 576 ovid.
2402 544 2541 578 Heroid.
2565 546 2643 589 XX,

1558 586 1637 616 210.
1670 584 1728 616 ubi
1761 586 1854 616 reete
1888 587 1985 624 putat
2011 586 2095 618 nihil
2116 588 2180 620 hoc
2202 588 2280 620 loco
2303 590 2532 624 innovandum
2555 602 2643 625 esse.

1557 630 1710 662 Doctum
1745 631 1831 663 bene
1866 630 1990 663 dicitur
2028 632 2186 673 quicquid
2221 643 2283 665 suo
2305 637 2406 668 inodo
2423 640 2640 680 ingeniosum

1558 678 1632 718 est,
1656 679 1691 708 et
1714 675 1749 707 id
1773 677 1864 716 quod
1889 677 1972 708 velit
1998 679 2109 711 efficit.
2155 680 2351 719 Propertius
2375 684 2419 723 11,
2447 687 2501 717 15.

1693 723 1779 754 Illic
1803 724 1949 756 assidue
1971 728 2094 757 tauros
2119 727 2298 765 spectabis
2323 733 2486 771 arantes,

1739 768 1790 800 Et
1809 772 1911 801 vicem
1937 770 2036 802 docta
2054 781 2187 811 ponere
2208 773 2295 804 falce
2323 782 2462 807 comas:

1558 814 1663 845 doc-ea
1687 815 1800 856 faLr,
1837 818 1875 847 ut
1897 817 2000 848 docta
2024 827 2119 850 cera.
2165 818 2250 850 Vide
2275 818 2534 852 eruditissimum
2551 822 2640 855 'Bur-

1557 869 1717 890 mannum
1751 860 1795 892 ad
1825 862 1900 894 val.
1933 863 2092 896 Flaccum
2122 866 2159 907 1,
2194 867 2271 898 122.
2297 866 2331 897 et
2358 866 2402 898 ad
2423 870 2640 901 memoratum

1558 905 1671 937 Ovidii
1696 907 1821 938 locum.
1866 908 2039 951 Sequitur,

1648 953 1736 984 Inde
1761 956 1856 986 viam
1880 965 2032 993 morum,
2056 963 2270 994 LoonEQuss
2296 959 2468 990 examina
2490 959 2599 999 vitae,

1646 998 1857 1041 Affatusque
1874 1003 1978 1042 pios,
2001 1005 2248 1044 monituraque
2271 1005 2406 1035 somnia
2419 1003 2593 1044 poscam.'

1555 1045 1662 1077 multo
1695 1046 1816 1078 melius
1852 1047 1988 1079 fecisset
2023 1049 2188 1080 Etru-cus
2210 1049 2238 1080 si
2267 1059 2289 1081 a
2312 1052 2408 1089 patre
2431 1050 2644 1090 poposcisset

1555 1093 1648 1123 viam
1671 1101 1803 1124 morum
1826 1099 2060 1131 sancranous:
2085 1098 2256 1127 examina
2281 1096 2384 1137 vitae,
2410 1096 2523 1135 potius
2545 1105 2643 1136 quam

1554 1145 1709 1170 Leman.
1755 1139 1940 1172 Examina
1968 1143 2086 1184 vitae,
2129 1144 2168 1173 ut
2193 1142 2304 1184 legum
2327 1144 2495 1174 eramina
2519 1141 2642 1174 ovidio

1553 1187 1636 1218 Met.
1665 1186 1728 1222 IX,
1752 1187 1829 1217 550.

1648 1231 1745 1263 Jura
1767 1240 1869 1263 senes
1892 1233 2034 1270 norint,
2061 1237 2106 1273 ee,
2131 1234 2215 1274 qnid
2235 1232 2426 1276 liceatque,
2455 1235 2644 1278 nefasque,

1643 1277 1785 1318 Fasque
1817 1278 1886 1319 sit,
1926 1280 2131 1320 inquirant;
2172 1280 2351 1320 legumque
2384 1281 2543 1313 examina
2568 1290 2643 1313 ser-

1773 1328 1866 1355 vent.

1554 1368 1622 1400 Pro
1650 1370 1824 1401 monitura
1848 1370 1985 1402 somnia
2006 1369 2157 1402 Romana
2181 1370 2215 1401 et
2241 1370 2410 1403 Bernartii
2435 1371 2540 1404 Editt.
2565 1380 2643 1413 per-

1555 1423 1672 1455 peram
1697 1418 1880 1450 moritura.

1601 1470 1636 1492 v.
1656 1462 1737 1492 208.
1866 1463 2033 1493 Gnsrroa
2066 1462 2246 1493 mitissime
2277 1465 2454 1504 patrum]
2511 1463 2643 1496 Grono-

1555 1505 1631 1536 vius
1666 1506 1776 1538 Diatr.
1810 1517 1840 1538 c.
1874 1508 2036 1539 XXXIII.
2076 1508 2270 1546 conjecerat
2300 1515 2431 1540 samon
2463 1510 2645 1543 mitissime

1552 1556 1697 1590 patrum
1713 1561 1726 1582 .-
1786 1555 1902 1584 recte:
1959 1552 2086 1584 Statius
2128 1553 2218 1584 enim
2258 1554 2327 1593 jam
2356 1554 2529 1597 loquitur,
2571 1565 2643 1588 non

1555 1598 1730 1628 Etruscus.
1757 1599 1792 1628 et
1810 1597 1846 1629 in
1868 1600 1940 1630 MS.
1959 1599 2110 1630 Florent.
2132 1598 2262 1630 invenit
2280 1607 2421 1632 samon.
2444 1602 2517 1632 Hae
2539 1610 2641 1634 voces

1559 1652 1660 1682 saepe
1693 1647 1953 1676 commutantur.
1984 1645 2033 1676 ita
2061 1654 2167 1684 supra
2199 1654 2232 1676 v.
2270 1647 2326 1678 77.
2351 1656 2413 1686 pro
2436 1654 2567 1680 §It-:mon
2590 1649 2641 1679 (Ii-

1557 1692 1685 1722 missus
1723 1692 1761 1721 in
1791 1700 1897 1722 axem
1929 1691 2039 1723 Parm-
2070 1691 2172 1725 habet
2203 1699 2374 1726 anm-ma.
2425 1692 2509 1725 Dixi
2537 1703 2642 1734 supra

1558 1736 1602 1766 ad
1637 1736 1754 1767 Glauc.
1788 1737 1902 1768 Atedii
1937 1745 1970 1767 v.
2003 1738 2059 1768 90.
2085 1737 2141 1768 ubi
2170 1747 2231 1778 pro
2256 1744 2390 1771 samon
2414 1739 2537 1772 Peleus
2560 1749 2640 1781 pro-

1557 1781 1635 1812 bavi
1678 1782 1859 1821 legendum
1902 1791 1976 1814 esse
2012 1791 2175 1815 oaslron
2206 1784 2342 1816 Peleus.
2397 1786 2464 1817 Pro
2494 1789 2640 1819 moestis

1557 1827 1780 1869 sepulchris,
1813 1838 1845 1860 v.
1868 1830 1950 1860 210.
1986 1830 2182 1862 Gronovius
2214 1830 2320 1869 Reliq.
2351 1829 2395 1862 ad
2428 1831 2513 1864 Silv.
2545 1835 2641 1864 notat

1556 1873 1592 1905 in
1625 1875 1723 1905 MSS.
1756 1875 1862 1906 Rhod.
1898 1876 1932 1906 et
1953 1874 2076 1906 Salisb.
2099 1877 2133 1908 et
2158 1875 2250 1908 Edit.
2275 1878 2394 1908 Venet.
2418 1886 2493 1909 esse
2519 1882 2643 1911 moesti

1554 1920 1741 1961 sepulchri.
1765 1923 1800 1952 et
1825 1921 1873 1953 ita
1894 1921 2086 1953 Parmensis
2109 1930 2261 1962 quoque:
2283 1922 2422 1955 omnino
2446 1933 2540 1956 vere.

1600 1976 1631 1998 v.
1653 1967 1734 1998 213.
2106 1969 2165 2000 hic
2188 1977 2299 2000 sacra
2319 1970 2438 2002 litabit

1645 2013 1813 2045 Manibus
1825 2021 1842 2054 ‚0
1896 2020 1984 2054 Eque
2021 2018 2087 2045 tua
2118 2016 2286 2047 tumulum
2320 2016 2445 2047 tellure
2479 2015 2638 2056 levabit-1

1553 2060 1666 2101 Lege,
1699 2068 1802 2101 mque
1832 2065 1898 2091 tua
1920 2061 2087 2091 tumulum
2116 2065 2184 2094 etc.
2228 2063 2357 2094 Sensus
2381 2063 2452 2101 est;
2493 2061 2568 2105 hic,
2602 2061 2640 2094 in

1553 2107 1672 2147 ltalia,
1707 2106 1819 2138 litabit
1847 2106 2003 2138 manibus
2027 2106 2113 2146 tuis,
2155 2109 2191 2140 et
2222 2108 2465 2148 cenotaphium
2488 2107 2550 2140 tibi
2579 2116 2641 2139 ex-

1553 2154 1645 2184 truet
1671 2160 1707 2183 IN
1733 2158 1796 2185 tua
1828 2153 1971 2193 tellure,
2006 2154 2170 2197 Smyrna,
2205 2155 2265 2186 tuo
2293 2155 2413 2195 gentili
2439 2154 2526 2187 solo.
2571 2154 2641 2187 No-

1554 2200 1608 2230 tus
1640 2200 1801 2230 Veterum
1835 2207 1909 2230 mos
1940 2200 2152 2239 cenotaphia
2183 2201 2412 2233 constituendi
2445 2199 2563 2233 amieis
2583 2201 2640 2232 de-

1553 2245 1695 2277 functis:
1722 2245 1770 2277 ita
1793 2247 1927 2277 Aeneas
1953 2245 2128 2285 Deiphobo
2151 2247 2270 2287 virgil.
2295 2249 2380 2280 Aen.
2404 2249 2451 2280 VI
2466 2270 2477 2290 ‚
2506 2248 2585 2280 5⁰5.

1648 2292 1746 2323 Tune
1770 2297 1901 2333 egomet
1925 2293 2092 2325 tumulum
2116 2293 2271 2326 Rhoeteo
2295 2302 2332 2326 ln
2353 2295 2459 2328 litore
2479 2293 2615 2326 inanem

1647 2340 1854 2371 Constitui:

1552 2383 1786 2417 Andromache
1823 2384 1961 2416 Hectori
1996 2385 2081 2416 Aen.
2106 2387 2168 2427 111,
2195 2385 2272 2419 304.
2317 2387 2451 2419 Procne
2471 2382 2637 2418 Philome-

1552 2431 1607 2461 lae
1634 2431 1732 2463 Ovid.
1757 2434 1838 2462 Met.
1866 2433 1933 2471 VI,
1960 2431 2041 2462 568.

1649 2477 1698 2508 Ut
1722 2479 1892 2509 lacrimae
1906 2478 2030 2519 fecere
2045 2474 2175 2517 fidem,
2200 2477 2377 2508 velamina
2397 2476 2536 2508 Procne

1646 2525 1791 2563 Der-ipit
1810 2532 1857 2555 ex·
1884 2523 2037 2555 humeris
2056 2533 2145 2554 auro
2164 2524 2347 2565 fulgentia
2372 2523 2458 2559 lato,

1645 2571 1873 2610 Induiturque
1895 2574 1998 2600 atras
2023 2574 2159 2609 vestes,
2182 2575 2217 2600 et
2237 2569 2338 2600 inane
2363 2570 2555 2608 sepulcrum

1645 2616 1847 2656 constituit,
1864 2615 2048 2657 falsisque
2067 2616 2223 2654 piacula
2244 2617 2406 2647 manibus
2432 2617 2569 2658 infert:

1554 2662 1603 2694 ita
1628 2663 1763 2702 legend.
1789 2663 1824 2694 et
1845 2660 2138 2700 distinguendum3
2172 2662 2294 2702 vulgo,
2319 2661 2370 2692 Et
2392 2663 2562 2695 lacrimae
2573 2663 2635 2705 fe-

1555 2718 1634 2739 cere
1655 2707 1776 2748 fidem.
1813 2708 1989 2739 velamina
2023 2709 2088 2738 etc.
2146 2707 2213 2739 Sed
2238 2708 2307 2746 jam
2335 2707 2434 2738 video
2460 2707 2637 2740 Heinslum

1552 2755 1650 2786 Cui-is
1684 2754 1848 2785 Secundis
1880 2753 1943 2784 hoc
1976 2762 2171 2792 occupasse.
2214 2753 2368 2785 Priamus
2392 2756 2522 2786 Aesaco
2555 2755 2636 2787 Met.

1551 2802 1639 2836 XII,
1670 2801 1703 2830 2.
1733 2800 1809 2831 vide
1841 2801 2000 2831 Nostrum
2032 2800 2136 2830 Theb.
2165 2799 2253 2841 XII,
2296 2803 2372 2832 160.
2418 2801 2567 2841 Elegans
2598 2800 2634 2832 in

1551 2848 1638 2879 hanc
1672 2856 1744 2877 rem
1772 2845 1988 2886 Epigramma
2018 2848 2117 2877 extat
2150 2846 2354 2887 Anthologia
2374 2847 2434 2886 111,
2463 2849 2516 2881 12.
2562 2847 2637 2883 Nat

1552 2893 1692 2937 λίτομαι
1718 2893 1912 2937 ascondita,
1940 2894 2004 2922 etc.
2050 2893 2116 2923 Pro
2142 2899 2235 2928 EQUE
2259 2895 2369 2925 Parm.
2393 2895 2428 2926 et
2447 2894 2544 2927 an-
2568 2900 2635 2925 AT-

1552 2948 1632 2976 QUI-3.
1656 2948 1774 2970 verum
1804 2941 1886 2978 puto
1918 2945 2037 2974 INQUE.
2084 2939 2256 2980 Sequitur,

1644 2986 1779 3017 Nostra
1829 2995 1960 3026 quoqne
2005 2985 2160 3026 exemplo
2199 2984 2330 3017 meritis
2375 2985 2442 3018 tibi
2476 2983 2636 3015 carmina

1769 3031 1890 3063 sancit.

1551 3077 1666 3108 nullus
1704 3077 1738 3109 in
1771 3079 1823 3110 his
1857 3085 1987 3109 sensus.
2044 3076 2238 3108 Gronovius
2271 3076 2380 3108 Diatr.
2411 3083 2442 3107 c.
2471 3071 2630 3107 XXXIII.

1553 3124 1767 3165 conjecerat,
1810 3125 1965 3165 exemplo
1995 3125 2160 3164 meritus,
2186 3123 2221 3155 id
2250 3125 2321 3163 est,
2361 3117 2510 3152 carmina
2545 3128 2631 3159 quae

1554 3172 1709 3210 exemplo
1752 3171 1888 3210 pietatis
1926 3178 2009 3202 suae
2041 3170 2186 3210 meruit,
2226 3178 2246 3200 a
2282 3166 2378 3199 nobis
2412 3165 2540 3197 elicuit.
2574 3174 2632 3196 re-

1553 3221 1627 3248 cte:
1674 3220 1708 3249 et
1742 3218 1787 3249 ita
1819 3217 1934 3249 inveni
1966 3216 2002 3246 in
2039 3213 2223 3247 Parmensi.
2260 3213 2309 3244 sic
2335 3211 2369 3243 in
2400 3211 2529 3243 Phileto
2555 3210 2631 3243 Ursi

1554 3272 1584 3293 v.
1612 3264 1667 3293 97.
