2892 3840
391 403 492 467 142
1096 407 1958 449 r.1³A1³1N11s‘rA·r11

389 528 681 580 Maeonium
716 524 1056 587 Ascreumque
1095 535 1296 579 senem,
1332 535 1437 568 non
1472 522 1672 584 segnior
1706 524 1885 572 umbra

389 618 610 675 Accolis‚
647 616 992 676 alternumque
1028 625 1204 669 sonas,
1241 618 1294 658 et
1328 613 1551 661 carmina
1580 613 1792 673 misces3

381 709 473 758 Da
505 721 685 764 vocem,
718 715 925 763 magn0,
958 699 1134 759 Pater,
1164 701 1520 766 ingeniumque
1554 701 1728 750 dolori.

390 798 520 847 Nam
559 810 641 843 me
677 801 752 840 ter
785 791 1011 852 relegens
1048 790 1264 848 caelum,
1301 797 1475 854 terque
1510 806 1598 839 ora
1631 800 1870 843 retexens

391 888 535 936 Luna
567 882 710 933 videt
746 879 992 938 residem,
1028 879 1262 943 nullaque
1297 878 1595 928 Heliconide
1629 882 1798 929 tristes

392 977 648 1025 Solantem
680 984 850 1028 curas,
883 977 999 1017 tuus
1036 976 1094 1016 ut
1122 969 1248 1017 mihi
1275 969 1499 1019 vultibus
1527 970 1658 1032 ignis

390 1063 629 1118 Erubuit,
666 1062 981 1123 cineremque
1016 1059 1170 1107 oculis
1208 1059 1532 1108 humentibus
1564 1059 1724 1108 hausi.

390 1154 514 1202 Vilis
548 1151 709 1198 honos
746 1150 951 1198 studiis:
988 1150 1083 1198 vix
1117 1149 1242 1197 haec
1276 1151 1331 1196 in
1365 1165 1576 1198 munera
1613 1150 1755 1199 solvo

390 1244 612 1291 Primum
648 1242 896 1300 animum3
932 1239 1195 1299 tacitisque
1233 1241 1385 1286 situm
1423 1239 1673 1303 depellere
1709 1242 1839 1286 euris

391 1332 534 1382 Nunc
570 1332 723 1377 etiam
759 1327 1042 1390 trepidante
1079 1342 1259 1384 manu,
1291 1343 1383 1374 nec
1417 1329 1606 1373 lumine
1642 1327 1770 1374 sicco

394 1422 601 1478 Ordior,
639 1416 839 1466 acclinis
880 1417 1072 1463 tumulo
1102 1431 1198 1480 quo
1234 1415 1379 1462 molle
1416 1416 1628 1478 quiescis

391 1509 575 1572 Jugera
607 1514 780 1554 nostra
816 1514 1015 1564 tenens3
1048 1506 1134 1553 ubi
1169 1511 1284 1569 post
1320 1503 1511 1551 Aeneia
1547 1505 1653 1555 fata

392 1600 616 1656 Solatus,
647 1597 806 1644 Latiis
842 1598 1052 1657 ingessit
1088 1595 1344 1642 montibus
1381 1592 1564 1642 Albam

392 1689 663 1745 Ascanius,
690 1687 906 1748 Phrygio
945 1686 1065 1732 dum
1101 1679 1310 1749 pingues
1347 1686 1587 1745 sanguine
1624 1699 1826 1748 campos

393 1780 539 1837 Odit,
576 1786 627 1825 et
660 1776 911 1823 infaustae
946 1790 1155 1836 regnum
1192 1773 1358 1820 dotale
1390 1788 1651 1822 novercae.

392 1870 485 1920 His
521 1883 611 1931 ego
649 1875 698 1914 te
731 1870 868 1927 (nam
906 1864 1091 1911 Sicanii
1127 1878 1229 1909 non
1260 1864 1429 1909 mitius
1466 1863 1605 1910 halat

391 1961 531 2010 Aura
565 1957 718 2012 croci,
756 1954 885 2002 dites
918 1969 1009 1999 nec
1047 1953 1204 2000 sicubi
1238 1967 1350 1998 rara
1381 1952 1563 2001 Sabaei

392 2050 663 2104 Cinnama,
698 2044 931 2091 odoratas
967 2059 1059 2090 nec
1094 2042 1255 2090 Arabs
1293 2041 1543 2107 decerpsit
1578 2045 1781 2106 aristas)

389 2141 637 2188 Insertum
672 2149 783 2182 cum
813 2133 961 2180 laude
996 2133 1143 2188 locis,
1181 2131 1243 2178 de
1282 2134 1501 2181 carmine
1536 2134 1717 2198 plango

390 2229 568 2278 Pierio.
640 2239 780 2272 sume
817 2223 908 2270 hos
946 2223 1187 2285 gemitus,
1226 2229 1277 2267 et
1313 2236 1522 2271 munera
1549 2225 1672 2281 nati,

391 2321 459 2368 Et
492 2317 748 2370 lacrimas,
787 2315 887 2360 cari
918 2327 1039 2378 quas
1070 2325 1324 2374 nunquam
1363 2312 1583 2361 habuere
1620 2322 1870 2378 parentes.

392 2410 557 2472 Atque
593 2406 787 2452 utinam
825 2402 1025 2448 fortuna
1063 2401 1188 2447 mihi
1222 2400 1341 2448 dare
1378 2402 1610 2452 Manibus
1648 2421 1760 2453 aras

391 2501 487 2548 Par
521 2494 722 2561 templis
758 2506 908 2557 opus,
944 2490 1229 2555 ebriamque
1268 2492 1478 2540 educere
1508 2494 1694 2542 molem

394 2588 668 2651 Cyclopum
705 2581 932 2646 scopulos
969 2579 1126 2637 ultra,
1162 2588 1311 2644 atque
1347 2572 1557 2631 audacia
1594 2599 1722 2631 saxa

391 2675 742 2740 Pyramidum,
781 2678 831 2718 et
861 2683 1041 2730 magno
1079 2670 1325 2716 tumulum
1359 2679 1658 2734 praetexere
1695 2673 1828 2720 luco!

390 2769 493 2816 Illic
528 2773 579 2813 et
613 2761 766 2812 Siculi
803 2774 1119 2823 superassem
1155 2758 1288 2806 dona
1318 2761 1582 2823 sepulchri,

390 2859 458 2906 Et
486 2856 700 2906 Nemees
736 2849 938 2906 ludum,
973 2855 1025 2895 et
1054 2847 1251 2912 Pelopis
1289 2850 1515 2899 solennia
1551 2854 1724 2900 trunci.

2578 1335 2642 1380 35

2576 2229 2642 2274 45

482 3114 539 3143 29.
565 3115 663 3153 Vulg.
697 3122 822 3146 camo.
885 3116 939 3147 35.
982 3116 1254 3155 [TREPIDANTE,
1288 3118 1389 3146 antea
1426 3122 1602 3148 LABENTE.
1641 3124 1707 3148 Eo.
1742 3119 1825 3157 Dm]
1861 3125 1951 3147 susc
1987 3118 2123 3149 lumine.
2174 3118 2230 3148 41.
2260 3119 2334 3149 Huc.
2393 3119 2449 3150 42.
2479 3125 2532 3149 sic
2560 3126 2633 3150 ’run

394 3168 451 3199 44.
488 3176 630 3200 1115311111
665 3181 740 3202 cum
770 3172 869 3203 laude
904 3178 1005 3214 Loci,
1041 3179 1108 3204 san
1135 3172 1295 3204 carmine.
1352 3174 1408 3205 45.
1446 3181 1559 3205 sumas
1590 3174 1733 3214 gemitus
1761 3176 1794 3204 et
1824 3182 2002 3207 rutum.
2049 3176 2105 3207 46.
2136 3182 2236 3205 mm.
2294 3177 2350 3207 47.
2387 3183 2501 3207 nam-:s
2538 3183 2627 3208 mur.

398 3226 450 3258 52.
477 3232 602 3257 Lucum.

2859 557 2875 598 ῑ
