2892 3840
968 434 1430 473 levARnM
1496 424 1668 473 [ΑΒ.
1734 422 1791 471 V.

1347 560 1429 607 111.

2407 429 2500 479 141

583 689 1147 747 EPICEDION
1204 691 1304 747 IN
1361 690 1786 748 PATREM
1846 691 2187 752 *SUUM

271 848 436 930 IPSE
471 881 629 928 malas
662 882 822 940 vires,
867 889 920 928 et
950 882 1269 931 lamentabile
1303 899 1503 932 carmen

269 970 444 1031 Elysio
470 969 533 1018 de
563 971 701 1018 fonte
731 971 882 1029 mihi,
916 973 1215 1037 pulsumque
1252 975 1488 1022 sinistrae

269 1059 376 1116 Da,
410 1061 603 1120 genitor
636 1059 895 1122 perdocte,
929 1061 1098 1120 lyrae:
1133 1076 1296 1124 neque
1328 1063 1463 1109 enim
1494 1069 1640 1111 antra
1668 1079 1874 1114 movere

267 1148 440 1204 Delia,
467 1162 559 1194 nec
593 1148 791 1194 solitam
826 1148 904 1195 fas
935 1156 1013 1195 est
1043 1150 1301 1212 impellere
1340 1148 1588 1210 Cyrrham

268 1234 340 1282 Te
368 1236 490 1281 sine.
559 1233 771 1296 Corycia
803 1237 1036 1300 quicquid
1068 1239 1219 1284 modo
1247 1238 1475 1285 Phoebus
1510 1241 1566 1286 in
1595 1241 1775 1290 umbra

267 1321 509 1387 Quicquid
543 1323 606 1371 ab
640 1325 859 1373 Ismariis
893 1325 1207 1372 monstrabat
1240 1325 1446 1373 collibus
1475 1327 1639 1383 Evan,

263 1412 510 1460 Dedidici.
579 1414 750 1474 fugere
779 1427 920 1460 meos
954 1413 1193 1461 Parnasia
1227 1414 1389 1461 crines

264 1500 485 1559 Vellera,
518 1502 867 1565 funestamque
905 1501 1068 1548 ederis
1103 1503 1325 1565 irrepere
1368 1509 1550 1549 taxum

264 1589 519 1648 Extimui,
555 1591 898 1654 trepidamque
934 1591 1113 1654 (nefas)
1147 1605 1371 1638 arescere
1406 1591 1619 1649 laurum,

263 1679 349 1726 Ille
385 1694 501 1740 ego,
539 1679 912 1741 magnanimum
943 1681 1028 1743 qui
1062 1680 1195 1728 facta
1228 1681 1455 1728 attollere
1489 1695 1666 1742 regum

263 1769 401 1816 Ibam
427 1769 584 1816 altum
601 1770 839 1832 spirans,
873 1769 1185 1833 Martemque
1220 1786 1437 1834 aequare
1473 1771 1711 1818 canendo.

266 1856 387 1916 Quis
423 1858 580 1905 sterili
613 1872 729 1904 mea
757 1857 908 1905 corda
942 1860 1067 1916 situ,
1102 1861 1211 1921 quis
1246 1858 1481 1922 Apolline
1519 1874 1669 1908 verso

261 1946 468 2008 Frigida
501 1947 768 1993 damnatae
802 1946 1075 2010 praeduxit
1107 1947 1279 1995 nubila
1312 1947 1500 1994 menti?

265 2035 412 2083 Stant
446 2038 627 2083 circum
661 2037 904 2083 attonitae
938 2044 1109 2085 vatem
1122 2071 1137 2095 ‚
1170 2044 1224 2083 et
1255 2037 1329 2105 nil
1363 2037 1506 2084 dulce
1541 2046 1775 2088 sonantes

263 2124 368 2172 Nec
400 2125 568 2186 digitis
601 2140 693 2172 nec
725 2139 850 2174 voce
882 2125 1020 2173 deae.
1091 2126 1201 2174 dux
1228 2128 1367 2190 ipsa,
1400 2127 1569 2175 silenti

261 2212 305 2260 F
310 2214 413 2261 ulta
439 2221 587 2277 caput
620 2213 829 2274 cithara3
865 2216 1023 2279 qualis
1054 2223 1172 2279 post
1204 2215 1406 2280 Orphea
1438 2224 1639 2281 raptum

262 2302 464 2361 Astitit,
499 2302 693 2361 Hebre,
730 2304 846 2362 tibi,
883 2320 1089 2351 cernens
1116 2306 1226 2366 jam
1253 2305 1407 2351 surda
1434 2306 1654 2353 ferarum

259 2391 502 2454 Agmina,
538 2399 591 2438 et
621 2393 857 2441 immotos
894 2393 1089 2440 sublato
1123 2394 1343 2440 carmine
1376 2394 1528 2440 lucos.

261 2482 333 2529 At
363 2490 444 2540 tu,
477 2497 568 2530 seu
595 2483 834 2530 membris
866 2483 1078 2529 emissus
1103 2483 1159 2529 in
1192 2482 1350 2531 ardua
1382 2483 1565 2541 tendis,

259 2571 615 2635 Fulgentesque
645 2573 842 2636 plagas,
875 2586 1140 2636 rerumque
1176 2573 1426 2619 elementa
1458 2586 1704 2630 recenses,

264 2656 385 2716 Quis
417 2659 586 2717 Deus,
619 2661 753 2708 unde
786 2662 952 2722 ignes,
986 2676 1113 2724 quae
1148 2661 1297 2709 ducat
1330 2663 1511 2709 semita
1539 2661 1723 2720 Solem,

265 2746 403 2806 Quae
438 2749 633 2795 minuat
666 2749 927 2807 Phoeben,
962 2764 1185 2814 quaeque
1219 2752 1468 2812 integrare
1501 2749 1743 2800 latentem

266 2836 431 2885 Causa
463 2843 638 2900 queat,
667 2836 896 2900 doctique
923 2838 1101 2886 modos
1135 2840 1370 2887 extendis
1398 2839 1567 2888 Arati:

263 2926 365 2974 Seu
401 2934 455 2972 tu
483 2925 693 2973 Lethaei
727 2933 917 2972 secreto
950 2928 1006 2973 in
1040 2931 1261 2988 gramine
1296 2930 1459 2991 campi

263 3014 486 3064 Concilia
532 3014 757 3063 Heroum
790 3016 944 3078 juxta
984 3015 1256 3081 Manesque
1300 3017 1491 3076 beatos,

355 3222 373 3240 *
393 3227 492 3267 vulg.
519 3226 624 3259 dee-t.
670 3228 704 3260 3.
727 3233 876 3260 novam.
925 3228 980 3260 10.
1005 3226 1129 3260 cnara
1149 3235 1226 3268 ego.
1275 3227 1330 3259 12.
1355 3232 1487 3260 meo.
1535 3226 1592 3260 13.
1616 3231 1816 3261 raommr.

2439 1690 2503 1735 10

2424 2574 2491 2621 20

2415 3019 2482 3067 25

1865 3227 1921 3261 19.
1943 3233 2117 3262 rmus.
2164 3228 2222 3261 23.
2246 3233 2412 3266 nonque.
