2892 3840
269 530 663 595 Expediuntque
694 545 889 588 comas,
924 536 977 576 et
1004 529 1164 576 serica
1197 535 1398 591 pectore
1431 536 1626 592 ponunt

270 619 439 667 Pallia.
509 627 627 666 tunc
648 620 835 681 junctis
871 620 1059 667 crinem
1089 616 1312 664 incidere
1345 618 1558 678 sagittis,

268 710 435 774 Atque
470 726 619 769 auro,
656 713 963 775 gemmisque
990 711 1179 757 locant:
1213 709 1349 772 rapit
1379 709 1492 772 ipsa
1527 708 1761 756 cadentes

267 799 455 858 Mater,
487 809 539 847 et
573 816 781 849 arcanos
813 802 966 848 iterat
993 797 1245 859 Cytherea
1284 797 1516 860 liquores.

269 891 408 939 Tunc
441 906 567 956 puer
601 908 629 939 e
662 892 809 940 turba
821 925 837 950 ,
869 890 1101 939 manibus
1135 889 1221 951 qui
1252 888 1387 934 sorte
1415 887 1609 951 supinis

266 979 444 1028 Nobile
484 988 734 1043 gemmato
766 980 1021 1044 speculum
1053 985 1345 1042 portaverat
1374 991 1513 1033 auro,

266 1069 374 1117 Hoc
406 1085 599 1134 quoque
632 1070 837 1126 demus,
871 1070 944 1115 ait
952 1084 965 1126 ;
996 1068 1174 1130 patriis
1209 1081 1302 1112 nec
1337 1068 1524 1126 gratius
1555 1066 1713 1113 ullum

266 1158 446 1205 Munus
482 1159 578 1203 erit
608 1157 834 1220 templis,
861 1157 1071 1219 ipsoque
1103 1156 1359 1217 potentius
1389 1168 1524 1199 auro.

268 1248 344 1294 Tu
376 1246 527 1294 modo
558 1247 651 1308 fige
681 1248 866 1303 aciem,
902 1253 954 1292 et
980 1244 1150 1293 vultus
1180 1243 1273 1288 hos
1300 1256 1458 1305 usque
1489 1241 1727 1304 relinque.

265 1335 347 1383 Sic
381 1336 480 1393 ait,
512 1343 564 1382 et
596 1335 853 1400 speculum
883 1333 1085 1382 seclusit
1109 1333 1328 1393 imagine
1358 1338 1517 1395 rapta.

263 1424 335 1472 At
359 1440 484 1488 puer
518 1427 740 1486 egregias
770 1424 982 1472 tendens
1014 1424 1081 1471 ad
1110 1422 1278 1469 sidera
1310 1421 1521 1484 palmas,

264 1512 358 1561 His
384 1513 509 1560 mihi
541 1528 633 1577 pro
668 1513 839 1570 donis,
867 1513 1127 1560 hominum
1162 1512 1429 1559 mitissime
1460 1518 1642 1568 custos,

265 1603 342 1668 (Si
368 1602 550 1666 merui)
579 1602 726 1664 longa
760 1602 1019 1650 dominum
1050 1616 1295 1650 renovare
1323 1601 1553 1663 juventa,

264 1690 429 1754 Atque
464 1691 572 1738 orbi
605 1706 807 1740 servare
840 1692 991 1741 velis!
1022 1692 1117 1740 hoc
1153 1691 1321 1739 sidera
1358 1706 1573 1748 mecum,

264 1780 373 1828 Hoc
399 1780 589 1838 undae,
619 1787 879 1845 terraeque
908 1790 1099 1844 rogant.
1170 1789 1277 1839 eat,
1314 1796 1428 1838 oro,
1460 1796 1551 1844 per
1584 1792 1741 1828 annos

264 1870 438 1917 Iliacos
456 1903 470 1927 ,
503 1869 768 1933 Pyliosque
800 1872 952 1929 situs3
984 1874 1309 1935 propriosque
1339 1879 1549 1934 penates

267 1960 522 2017 Gaudeat,
555 1967 607 2006 et
638 1975 806 2007 secum
839 1960 1054 2024 Tarpeia
1090 1976 1347 2010 senescere
1382 1960 1582 2023 templa.

269 2048 350 2096 Sic
381 2051 478 2107 ait,
511 2057 563 2097 et
593 2057 756 2099 motas
780 2051 991 2100 miratur
1018 2051 1285 2115 Pergamos
1314 2065 1440 2098 aras,

1343 2321 1400 2367 V.

804 2451 918 2508 AD
996 2449 1465 2508 CLAUDIAM
1552 2448 1953 2507 UXOREM.

269 2655 471 2756 Qum
500 2686 626 2733 mihi
654 2695 850 2735 moesta
881 2688 990 2747 die,
1026 2690 1172 2736 sociis
1207 2688 1326 2753 quid
1358 2690 1616 2748 noctibus,
1651 2702 1796 2745 uxor,

268 2776 466 2834 Anxia,
497 2779 726 2839 pervigili
758 2779 897 2828 ducis
927 2782 1143 2845 suspiria
1177 2781 1325 2828 cura?

267 2866 383 2915 Non
408 2874 579 2914 metuo
606 2881 671 2913 ne
703 2869 840 2916 laesa
869 2870 1021 2928 fides,
1049 2879 1136 2918 aut
1164 2879 1366 2934 pectore
1394 2872 1450 2917 in
1476 2871 1575 2917 isto

268 2954 410 3003 Alter
439 2970 603 3003 amor:
636 2957 785 3004 nullis
817 2958 873 3004 in
906 2964 957 3004 te
991 2957 1137 3006 datur
1164 2960 1238 3006 ire
1268 2959 1479 3020 sagittiS,

356 3221 396 3251 V.
426 3221 482 3252 97.
505 3223 602 3261 vulg.
626 3228 696 3253 nuc
721 3229 835 3260 usque.
882 3221 936 3252 98.
962 3227 1147 3253 Rectcsrr.
1197 3221 1251 3251 99.
1282 3225 1467 3252 senectus.
1516 3218 1592 3250 104.
1642 3226 1754 3250 sulm..

1624 3275 1677 3328 M

962 414 1423 455 SILVARUM
1490 403 1661 453 L1n.
1729 403 1807 455 111.

2440 1074 2505 1118 95

2409 1519 2506 1562 100
