2892 3840
941 400 1385 463 *srvanum
1452 414 1614 463 Lra
1680 415 1716 462 L
2460 421 2492 467 7

1331 674 1389 721 II.

314 839 1009 901 EPITHALAMION
1072 841 1486 900 STELLAE
1539 844 1656 902 ET
1715 844 2415 905 VIOLANTILLAE.

237 1130 429 1196 UNDE
457 1159 597 1192 sacro
624 1144 760 1192 Latii
793 1152 1070 1193 sonuerunt
1099 1145 1318 1192 carmine
1348 1152 1546 1194 montes
1558 1147 1578 1194 <3

237 1235 358 1292 Cui,
390 1234 586 1292 Paean,
616 1248 752 1283 nova
782 1235 972 1299 plectra
1005 1250 1208 1293 moveS,
1242 1234 1550 1300 humeroque
1586 1238 1804 1285 comanti

235 1323 530 1373 Facundum
561 1324 827 1387 suspendis
863 1323 1018 1373 ebur?
1047 1324 1220 1389 procul
1259 1340 1371 1372 ecce
1400 1339 1582 1374 canoro

234 1416 533 1475 Demigrant
562 1412 801 1460 Helicone
835 1414 987 1472 deae,
1024 1414 1351 1477 quatiuntque
1382 1428 1586 1464 novena

235 1503 492 1567 Lampade
523 1503 780 1550 solennem
815 1504 1049 1551 thalamis
1078 1503 1371 1551 coeuntibus
1400 1505 1587 1565 ignem,
2456 1512 2483 1554 5

233 1593 302 1641 Et
330 1592 395 1639 de
421 1591 597 1640 Pieriis
623 1593 849 1641 vocalem
876 1592 1098 1641 fontibus
1131 1592 1334 1640 undam.

235 1679 369 1740 Quas
398 1682 529 1727 inter
565 1681 710 1728 wlltu
739 1682 970 1745 petulans
1005 1682 1180 1743 Elegia
1214 1686 1532 1747 propinquat,

235 1769 426 1818 Celsior
463 1778 684 1828 assuet03
713 1770 956 1836 divasque
992 1771 1245 1828 hortatur,
1283 1780 1334 1818 et
1367 1772 1528 1819 ambit

231 1859 495 1907 Alternum
526 1859 719 1907 factura
751 1861 959 1924 pedem;
993 1860 1336 1924 decimamque
1370 1861 1535 1910 xideri

233 1947 299 1995 Se
328 1949 489 2012 cupit,
526 1956 577 1994 et
604 1949 799 1997 medias
835 1950 965 1997 fallit
995 1950 1253 2013 permixta
1281 1964 1492 1997 sorores.
2422 1960 2485 2003 10

230 2037 345 2102 Ipsa
374 2052 527 2084 manu
560 2047 770 2102 nuptam
800 2040 1023 2100 genitrix
1055 2037 1246 2085 Aeneia
1282 2037 1420 2086 ducit

231 2123 446 2173 Lumina
477 2126 774 2186 demissam,
813 2136 864 2175 et
891 2129 1021 2176 dulci
1052 2127 1303 2191 probitate
1335 2127 1622 2177 rubentem:

231 2213 344 2277 Ipsa
375 2222 509 2261 toros
525 2249 538 2272 ,
575 2224 627 2261 et
652 2231 792 2263 sacra
824 2226 990 2282 parat3
1026 2219 1286 2282 cinctuque
1321 2216 1503 2264 Latino

229 2302 559 2350 Dissimulata
587 2303 761 2361 deam,
793 2307 979 2352 crinem
1007 2308 1302 2372 vultumque
1337 2323 1588 2373 genasque

230 2393 525 2457 Temperat,
561 2403 709 2459 atque
740 2411 875 2446 nova
903 2399 1054 2459 gestit
1081 2400 1246 2445 minor
1271 2401 1346 2446 ire
1376 2402 1574 2468 marita.
2418 2407 2477 2452 15

227 2466 390 2532 Nosco
425 2484 558 2531 diem
591 2500 862 2550 causasque
894 2489 1041 2534 sacri:
1074 2496 1123 2534 te
1166 2489 1382 2536 concinit
1412 2489 1509 2535 iste

230 2575 419 2639 (Pande
453 2576 606 2641 fores)
641 2585 718 2635 te,
753 2578 933 2636 Stella,
967 2579 1169 2627 chorus:
1197 2579 1290 2626 tibi
1322 2579 1552 2628 Phoebus
1588 2589 1639 2628 et
1672 2581 1818 2629 Evan

228 2663 296 2710 Et
326 2665 389 2711 de
417 2665 667 2715 Maenalia
696 2668 899 2716 volucer
930 2667 1224 2730 Tegeaticus
1255 2669 1432 2717 umbra

230 2753 375 2800 Serta
409 2754 599 2802 ferunt:
629 2771 722 2803 nec
750 2757 964 2804 blandus
997 2757 1155 2806 Amor
1187 2775 1280 2807 nec
1316 2759 1493 2810 Gratia
1527 2770 1691 2810 cessat

228 2841 539 2904 Amplexum
567 2845 744 2891 niveos
776 2854 977 2909 optatae
1010 2850 1231 2911 conjugis
1263 2859 1402 2898 artus
2406 2858 2474 2903 20

226 2929 458 2978 Floribus
490 2931 766 2979 innumeris
797 2941 849 2979 et
882 2935 1037 2982 olenti
1070 2952 1301 3000 spargere
1327 2940 1512 2988 nimbo.

230 3018 308 3067 Tu
340 3019 493 3066 modo
523 3020 687 3067 fronte
720 3035 886 3078 rosas,
919 3023 1068 3069 violis
1102 3026 1254 3073 modo
1283 3028 1390 3075 lilia
1420 3031 1587 3075 mixta

322 3228 360 3259 v.
387 3230 437 3261 13.
460 3229 558 3269 vulg.
583 3235 708 3260 cot-ru.
744 3229 801 3261 21.
824 3229 922 3270 Vulg.
945 3237 1129 3264 munna.
