2892 3840
389 407 494 457 274

392 532 560 574 praelium
581 533 672 566 inter
698 534 859 565 omarus
884 532 918 563 et
939 528 1198 562 TENTYRJTAS‘!
1238 527 1350 559 Aliam
1372 527 1478 568 igitur

392 579 534 619 hujusce
554 580 650 612 vocis
677 578 723 620 (si
738 587 820 610 sana
832 577 889 617 sit)
909 576 1075 608 rationem
1096 574 1262 613 expecto:
1285 574 1368 605 haec
1387 574 1478 606 enim

394 635 606 665 nequaquam
637 624 808 657 satisfacit.
844 622 1016 662 quaerite,
1070 620 1222 652 studiosi
1231 642 1242 662 ,
1296 619 1326 651 si
1358 620 1479 660 quibus

395 672 482 704 tanti
504 671 695 704 videbitur:
721 673 760 701 ut
783 671 818 699 et
842 668 883 698 de
907 668 970 698 hoc
996 666 1086 706 quod
1110 667 1282 706 sequitur,

490 720 560 749 Cur
586 721 704 750 servet
722 715 876 746 Pharias
899 712 1077 745 Lethaeus
1098 712 1240 752 janitor
1261 719 1361 743 aras.

397 761 572 796 Lethaeus
599 763 736 802 janitor
767 760 819 789 est
844 760 1036 790 Cerberus:
1078 769 1145 798 quo
1173 758 1275 798 igitur
1302 765 1403 788 sensu
1427 755 1478 786 di-

397 809 484 840 citur
529 810 694 840 cerberus
739 814 885 837 servare
923 805 1078 837 Pharias
1112 803 1227 836 aras?
1278 803 1472 834 Gronovius

394 855 504 886 Diatr.
542 865 572 885 c.
599 852 724 883 XXIX.
746 853 824 889 post
847 850 992 889 rejectas
1017 851 1164 883 aliorum
1187 849 1393 890 sententias,
1423 847 1472 879 sic

394 909 467 932 rem
497 900 615 930 solvit:
654 897 845 939 „Papinius
877 896 932 928 hic
961 896 1235 941 παραλογίζεται.
1267 895 1346 935 quia
1383 894 1474 925 enim

393 969 417 988 „
427 946 558 977 Anubis
591 945 665 974 erat
692 943 779 974 facie
805 942 949 986 canina,
995 942 1088 974 canis
1112 945 1224 973 autem
1246 943 1475 973 Romanorum

393 991 527 1032 „vulgo
561 990 651 1020 inter
688 991 780 1020 Deos
813 990 927 1020 nullus
963 989 1028 1020 nisi
1060 990 1248 1030 Cerberus,
1297 987 1473 1018 Lethaeus

392 1059 404 1078 ,
428 1045 488 1068 seu
522 1036 600 1067 Orci
628 1035 786 1074 janitor,
830 1035 909 1066 ideo
934 1035 1160 1066 calumniatur
1183 1034 1366 1075 Aegyptios
1395 1035 1478 1064 Cer-

392 1083 542 1124 „berum
573 1082 705 1123 colere,
742 1083 776 1112 et
806 1082 917 1112 Deum
956 1082 1050 1112 illum
1082 1082 1278 1113 latratorem
1308 1079 1472 1121 (Anubin)

391 1129 612 1169 „Cerberum
640 1128 799 1167 appellat.
814 1128 837 1146 “
891 1128 935 1159 Et
970 1137 1068 1160 mox:
1116 1127 1278 1169 „Anubis
1303 1126 1372 1157 aris
1393 1125 1475 1156 coli-

392 1175 503 1216 „tur,
526 1173 654 1205 Anubis
675 1174 763 1205 facie
792 1173 932 1205 canina:
958 1184 1079 1205 canum
1105 1174 1279 1213 proprium
1303 1181 1473 1211 servare,-

392 1219 503 1262 „hinc
524 1219 652 1251 Anubis
676 1225 799 1252 servat
819 1229 929 1260 aras,
963 1220 998 1251 id
1022 1222 1094 1261 est,
1120 1220 1212 1262 aris,
1243 1219 1363 1259 quibus
1391 1218 1476 1249 coli-

393 1269 506 1307 ,‚tu1·,
545 1269 582 1297 ut
617 1267 711 1297 canis
745 1268 930 1298 observans
963 1266 1138 1306 impositus
1174 1267 1243 1307 est,
1288 1273 1365 1296 aras
1390 1264 1476 1295 Pha-

392 1312 497 1353 „rias
530 1313 678 1344 custodis
703 1313 771 1344 ritu
797 1312 939 1345 obsidet.
950 1313 972 1332 “
1018 1315 1111 1344 Haec
1138 1312 1191 1343 vir
1220 1309 1475 1343 eruditissimus.

392 1359 495 1398 Atqui
530 1359 559 1390 si
588 1361 755 1391 Cerberus
787 1359 876 1391 inter
916 1360 1011 1390 Deos
1043 1361 1269 1390 Romanorum
1293 1357 1394 1396 vulgo
1418 1366 1478 1387 co-

392 1406 543 1446 leretur,
591 1406 694 1446 (quod
719 1408 833 1437 tamen
858 1404 905 1436 ibi
937 1415 1006 1436 non
1026 1404 1203 1446 probatur)
1230 1412 1395 1444 quaenam
1419 1412 1479 1433 ca-

394 1451 550 1491 lumnia,
573 1451 630 1489 qui
654 1449 935 1495 παραλογισμὸς,
970 1451 998 1481 si
1024 1452 1112 1482 idem
1137 1450 1302 1482 facientes
1322 1447 1479 1488 Aegyptii

392 1497 626 1529 inducuntur?
650 1497 750 1529 Mitto
777 1497 865 1535 quod
892 1498 1074 1528 Cerberum
1095 1506 1223 1536 ponere
1244 1505 1306 1535 pro
1320 1494 1480 1525 Anubide

395 1542 607 1573 durissimum
641 1542 799 1583 videtur,
846 1544 881 1573 et
918 1543 1013 1574 nullo
1036 1539 1289 1585 παραλογισμῷ
1313 1549 1481 1571 excusan-

395 1589 485 1619 dum.
530 1590 630 1619 Latet
652 1588 744 1619 aliud
770 1588 868 1628 quid,
897 1587 939 1619 de
962 1597 1028 1628 quo
1054 1589 1219 1626 quaerant
1242 1586 1456 1618 eruditiores.

441 1643 474 1666 v.
506 1636 584 1666 119.
631 1634 931 1677 Anguzferamque
953 1636 1097 1675 domum,
1118 1634 1243 1665 blancio
1269 1643 1340 1674 qua
1362 1641 1480 1664 mersa

760 1687 902 1711 VENENO

486 1725 615 1757 Actias
648 1724 826 1757 Ausonias
843 1727 950 1769 fugit
975 1725 1164 1764 Cleopatra
1190 1725 1364 1763 catenas]
1412 1724 1480 1755 Lo-

397 1769 512 1810 quitur
543 1772 585 1802 de
610 1773 774 1810 Sepulcro
798 1774 834 1803 et
854 1774 963 1803 morte
991 1771 1211 1809 Cleopatrae,
1255 1780 1341 1809 quae
1364 1779 1477 1800 morsu

397 1818 558 1856 Aspidum
591 1819 744 1848 absumta
779 1818 861 1859 fuit,
912 1817 1095 1847 secundum
1128 1816 1254 1854 plures.
1309 1815 1478 1855 Aspiciam

397 1870 481 1894 vero
525 1872 693 1894 venenum
725 1865 864 1902 torpore
897 1865 930 1893 et
963 1872 1080 1892 somno
1113 1860 1330 1893 conficiebat:
1385 1861 1478 1892 unde

397 1909 579 1949 blandum,
614 1911 730 1947 utpote
766 1918 919 1940 somnum
952 1907 1138 1947 inducens,
1182 1916 1253 1938 non
1290 1907 1378 1937 male
1413 1906 1479 1938 dici

396 1955 528 1995 potuit,
561 1954 627 1984 nisi
654 1956 803 1985 obstaret
829 1963 896 1986 vox
921 1964 1050 1985 mersa.
1098 1954 1223 1984 Somno
1248 1953 1381 1991 quidem
1407 1953 1479 1994 (qui

397 2001 549 2040 la’quidus
585 2003 618 2032 et
650 2002 804 2042 irriguus
839 2000 947 2040 poetis
983 1999 1104 2039 passim
1126 1998 1265 2039 dicitur)
1298 2000 1480 2038 Cleopatra

397 2056 537 2087 mersa,
580 2046 615 2077 id
652 2049 704 2077 est
728 2049 874 2087 obruta,
917 2055 978 2085 per
1000 2046 1234 2085 metaphoram
1258 2045 1325 2077 dici
1351 2045 1480 2084 potuit:

397 2093 432 2122 et
473 2101 590 2123 mersa
631 2102 761 2124 veneno
797 2094 986 2124 LuxmuAE
1020 2093 1077 2123 vel
1111 2094 1289 2123 Desinunt
1322 2095 1385 2123 etc.
1419 2101 1482 2131 per

398 2138 540 2169 eandem
573 2139 827 2178 Metaphoram:
872 2139 931 2169 sed
968 2148 1037 2169 nvn
1066 2137 1262 2178 simpliciter
1285 2147 1402 2169 mersa
1424 2148 1483 2169 ve-

397 2194 505 2225 neno,
546 2183 604 2214 ubi
633 2185 675 2215 de
710 2187 818 2215 morte
850 2186 922 2224 ejus
946 2184 1076 2225 agitur,
1117 2184 1182 2214 nisi
1209 2183 1244 2214 in
1271 2184 1397 2214 dolium
1424 2183 1480 2215 vel

396 2230 506 2260 lacum
536 2230 592 2260 vel
624 2231 692 2261 tale
725 2230 862 2270 aliquod
894 2232 1016 2262 veneni
1047 2230 1299 2269 receptaculum
1328 2231 1482 2269 conjecta

397 2275 534 2306 fuisset:
563 2285 635 2307 non
658 2276 747 2307 enim
771 2286 887 2307 mersa
910 2276 996 2314 fuit,
1035 2277 1093 2307 sed
1120 2278 1285 2307 absumta
1306 2278 1340 2306 et
1366 2277 1481 2308 occisa

398 2331 540 2354 venenO.
562 2321 611 2352 ita
634 2322 689 2360 qui
711 2324 827 2363 gladio
851 2322 995 2362 scipsum
1020 2322 1199 2363 interficit,
1223 2331 1292 2353 non
1318 2322 1384 2354 dici
1406 2324 1482 2362 pot-

399 2369 454 2398 est
485 2375 599 2399 amum
637 2369 783 2411 gladio,
823 2369 884 2399 sed
920 2376 1050 2401 occml.
1096 2369 1185 2400 Hinc
1209 2368 1379 2409 intelliges
1405 2371 1482 2402 Sta-

396 2413 482 2444 tium
506 2413 694 2457 scripsisse,

700 2459 826 2490 blando
850 2469 921 2499 qua
939 2469 1051 2491 mersa
1076 2466 1246 2491 Vereuso

487 2501 612 2534 Actias
632 2502 813 2536 Ausonias
829 2507 930 2548 fugit
958 2507 1148 2545 Cleopatra
1172 2511 1333 2538 catenas.

395 2553 560 2581 veternus
582 2549 639 2580 vel
668 2557 844 2582 veternum
877 2555 929 2583 est
953 2558 1096 2594 torpor,
1122 2553 1273 2594 pigritia
1283 2556 1303 2594 ,¹
1330 2561 1481 2586 somnus.

397 2595 557 2636 Virgilius
577 2597 699 2636 Georg.
729 2600 765 2633 1,
791 2598 868 2628 124.
1379 2594 1381 2596 ¹

488 2643 564 2673 Nec
586 2644 723 2681 torpere
743 2645 851 2683 gravi
863 2652 998 2682 passus
1023 2652 1091 2674 sua
1113 2651 1223 2683 regna
1246 2649 1436 2674 vernano:

399 2685 457 2717 ubi
488 2687 566 2719 vide
601 2689 768 2720 Servium.
822 2689 951 2719 Plinius
983 2690 1059 2720 Nat.
1097 2689 1184 2719 Hist.
1212 2690 1313 2728 vm,
1355 2690 1409 2721 36.
1439 2687 1481 2718 de

398 2731 489 2763 ursis
523 2734 686 2772 loquens:
727 2734 857 2765 Primis
883 2736 1000 2765 diebus
1027 2737 1079 2765 bis
1105 2735 1257 2774 septenis
1283 2739 1354 2765 tam
1378 2735 1485 2774 gravi

398 2786 518 2810 somno
547 2784 772 2820 premuntur,
814 2785 852 2811 ul
883 2791 927 2811 ne
948 2781 1146 2811 vulneribus
1171 2780 1304 2820 quidem
1327 2781 1484 2811 excitari

399 2830 540 2865 queant.
572 2831 658 2857 tunc
675 2828 798 2856 mirum
822 2829 860 2857 in
889 2828 1020 2857 modum
1045 2833 1212 2857 νΕΤΕκΝο
1233 2827 1479 2866 pinguescunt.

396 2871 565 2911 Exempla
586 2872 722 2912 ubique.
766 2872 857 2903 Bene
875 2881 957 2903 vcro
984 2873 1108 2903 blando
1133 2874 1296 2903 veterno:
1329 2872 1478 2903 blandus

396 2920 561 2949 veternus
601 2920 653 2949 est
692 2923 812 2956 torpor
837 2920 935 2949 iners
959 2923 995 2949 et
1024 2926 1115 2949 mors
1150 2919 1290 2949 imitata
1321 2919 1478 2957 quietem,

399 2965 439 2993 ut
470 2965 595 2996 Noster
624 2963 765 3002 Epiced.
800 2965 889 2994 Patr.
924 2974 955 2995 v.
979 2966 1058 2995 269.
1080 2962 1137 2995 ubi
1166 2966 1306 2995 mortem
1331 2963 1478 3003 quietam

390 3009 530 3050 falsum
551 3019 718 3043 ,somnum
750 3012 859 3041 vocat.
916 3010 1049 3050 Optime
1083 3009 1233 3048 explicat
1264 3010 1385 3041 Florus
1419 3012 1477 3051 lv,

401 3055 453 3085 ll.
490 3057 531 3086 de
564 3058 674 3088 morte
708 3057 928 3095 Cleopatrae:
969 3058 1005 3087 in
1034 3056 1250 3087 Mausoleum
1277 3065 1315 3087 se
1347 3056 1478 3096 (sepul-

399 3107 463 3129 cra
493 3110 611 3140 regum
642 3104 694 3133 sic
716 3104 863 3138 vocant)
887 3103 1028 3141 recipit.
1052 3104 1102 3134 ibi
1119 3105 1310 3142 maximos,
1360 3108 1398 3133 ut
1421 3111 1476 3133 so-

396 3142 505 3185 lebat,
524 3148 645 3178 induta
669 3149 804 3189 cultus,
842 3150 878 3178 in
902 3149 1045 3189 differto
1068 3149 1229 3180 odoribus
1254 3150 1366 3189 solio,
1384 3148 1476 3187 jux-

396 3193 435 3219 ta
456 3198 553 3221 suum
578 3201 616 3222 se
638 3194 823 3225 collocavit
849 3194 1061 3226 Antonium.-
1105 3196 1321 3235 admotisque
1346 3196 1395 3226 acl
1415 3205 1475 3226 ve·-

392 3243 460 3268 και
483 3237 720 3276 serpentibus,
761 3241 813 3271 sic
835 3246 958 3272 moure
984 3240 1081 3281 quasi
1102 3247 1220 3275 sonmo
1242 3242 1365 3275 soluta.
1411 3240 1474 3274 Ni-

1209 401 1396 452 No'rAa
1431 414 1500 450 An
1535 401 1641 451 Lm.
1662 401 1740 451 111.
1775 401 1822 449 2.

2498 422 2530 470 9
2548 415 2622 459 151

1545 526 1667 559 mirum
1689 526 1780 558 istud
1805 523 1980 559 ciceronis
2002 524 2045 557 de
2067 528 2201 562 Senect.
2222 539 2252 563 e.
2272 532 2328 564 22.
2349 533 2439 566 nibil
2458 539 2516 566 est
2536 540 2622 564 mor-

1546 576 1579 606 ta·
1608 579 1681 606 tam
1705 574 1816 606 simile
1838 582 1941 615 quam
1969 580 2129 615 somnus,
2151 574 2324 609 invertere
2347 580 2457 619 potuit
2480 580 2624 617 Cleopa-

1546 623 1623 661 tra,
1668 620 1759 651 nillil
1787 624 1843 651 est
1871 628 1989 651 somno
2012 623 2083 650 tam
2110 621 2221 652 simile
2242 632 2343 662 quam
2369 633 2473 657 mors.
2519 627 2622 656 Corn.

1545 667 1661 705 Nepos
1694 666 1796 697 Dion.
1834 675 1864 696 c.
1901 667 1936 696 2.
1994 665 2069 703 Quo
2101 667 2160 697 ille
2187 673 2393 708 commotus,
2433 680 2477 702 ne
2497 671 2626 712 agendi

1549 722 1626 743 cum
1648 722 1686 743 eo
1711 717 1805 744 esset
1825 712 1936 742 Dioni
1953 715 2115 749 potestas
2128 735 2138 754 ‚
2175 715 2280 754 patri
2298 722 2453 753 soporem
2474 718 2622 749 medicos

1549 759 1635 789 dare
1668 759 1790 799 coegit.
1825 757 1891 788 boc
1927 767 2032 797 aeger
2054 764 2186 797 sumto,
2228 766 2345 791 somno
2368 760 2514 803 sopitus,
2536 764 2623 794 diem

1541 805 1631 835 obiit
1662 813 1869 843 supremum.
1923 803 2039 834 Talem
2065 813 2220 837 somnum
2242 814 2303 837 seu
2331 811 2507 838 veternum
2525 807 2623 839 indu·

1543 851 1641 881 cebat
1670 858 1802 880 morsus
1834 847 1993 888 Aspidis;
2033 851 2124 882 unde
2148 852 2285 891 Aspida
2310 854 2535 896 somniferam
2556 854 2625 884 Lu-

1543 905 1618 927 can.
1652 896 1718 936 IX,
1746 896 1823 927 704.
1875 894 2004 926 Plinius
2040 897 2082 927 N.
2111 899 2154 930 H.
2186 898 2283 930 XXI.
2307 898 2362 931 31.
2416 897 2521 942 §Nec
2541 898 2629 931 illud

1536 943 1762 983 praeteribo,
1800 940 1952 979 aspidum
1983 947 2136 975 naturae
2165 944 2408 977 halicacabum
2430 945 2467 975 in
2492 948 2627 976 tantum

1543 990 1752 1029 adversam,
1797 991 1838 1017 ut
1860 988 1981 1018 radice
2007 989 2085 1028 ejus
2103 993 2252 1031 propius
2280 990 2419 1022 admota
2440 995 2626 1030 soporetur

1542 1036 1607 1066 illa
1631 1041 1767 1065 SOPORE
1796 1041 1942 1064 enecans
1969 1035 2020 1066 vis
2044 1046 2175 1068 earum.
2218 1036 2415 1077 Propertius
2438 1037 2509 1079 111,
2531 1037 2566 1068 9.
2589 1045 2624 1069 v.

1544 1081 1599 1113 53.
1628 1081 1669 1110 de
1692 1081 1893 1119 Cleopatra:

1633 1126 1792 1158 Brachia
1817 1127 1980 1164 spectavi
2000 1127 2116 1158 sacris
2139 1127 2304 1159 admorsa
2328 1125 2497 1166 colubris;

1679 1172 1728 1203 Et
1753 1171 1895 1203 trabere
1915 1172 2084 1204 occultum
2111 1174 2264 1205 membra
2284 1180 2433 1205 sopoms
2456 1174 2540 1204 iter.

1542 1230 1646 1260 Recte
1671 1228 1773 1259 etiam
1797 1237 1914 1259 mersa
1935 1235 2077 1261 veterno
2106 1238 2167 1261 seu
2194 1239 2340 1270 somnof
2378 1232 2418 1262 ut
2439 1229 2530 1270 apud
2552 1229 2626 1261 Val.

1542 1277 1703 1307 Flaccum
1727 1276 1826 1315 VIII,
1853 1275 1909 1305 64.
2525 1271 2530 1275 ”

1636 1321 1709 1351 Dic
1749 1329 1815 1396 age
1833 1330 1961 1396 laune,
2010 1325 2130 1352 utrum
2161 1322 2324 1364 vigilante·
2349 1321 2546 1363 hostemque
2574 1324 2626 1354 vi-

1637 1375 1973 1454 Exuviagnaicferre
1995 1411 2081 1443 velis
2094 1421 2111 1452 ,⁰
2133 1422 2182 1443 an
2206 1413 2338 1444 lumina
2356 1420 2475 1444 somno

1635 1457 1841 1499 Mergimus,
1872 1464 1908 1535 {tt
1937 1458 2098 1490 domitum
2127 1459 2248 1498 potius
2274 1460 2341 1492 tibi
2361 1459 2533 1492 tradimus
2561 1468 2627 1492 au-

1763 1513 1864 1545 guem

1548 1568 1635 1599 quae
1669 1568 1752 1591 vera
1784 1559 1830 1590 ibi
1865 1559 2035 1598 scriptura
2067 1561 2140 1599 est3
2185 1569 2255 1592 non
2289 1559 2422 1592 Heinsii
2452 1559 2628 1603 Ver-gitur.

1548 1607 1723 1644 eleganter
1760 1615 1876 1636 somno
1911 1607 2115 1646 mergimus,
2157 1606 2236 1644 quia
2276 1616 2416 1639 somnus
2450 1607 2560 1646 poetis
2582 1608 2629 1640 12·-

1548 1653 1670 1692 quidus
1697 1652 1907 1692 appellatur,
1942 1653 1981 1682 ut
2007 1660 2110 1690 supra
2134 1651 2277 1684 notavi:
2314 1653 2406 1684 uude
2428 1652 2630 1695 intelligitur

1547 1698 1638 1729 istud
1659 1698 1810 1729 Lucretii
1836 1697 1908 1728 Lib.
1934 1699 1996 1728 111.
2021 1697 2063 1728 de
2087 1698 2208 1729 Anima
2232 1699 2420 1738 loquentis:

1636 1754 1733 1786 Adde
1754 1756 1843 1796 quod
1863 1755 1901 1785 in
1915 1756 2041 1795 pigras
2064 1755 2225 1795 Lethargi
2244 1763 2433 1789 unaarum
2453 1757 2584 1790 undas:

1546 1810 1596 1842 ita
1628 1811 1808 1850 legendum
1845 1813 1930 1850 puto
1963 1820 2024 1849 pro
2048 1812 2182 1852 nigras.
2228 1812 2295 1844 Pro
2319 1821 2390 1850 qua
2409 1823 2527 1846 mersa
2551 1815 2630 1855 plu-

1545 1856 1650 1888 rimas
1673 1857 1839 1888 editiones
1863 1856 1988 1887 insedit
2011 1864 2126 1893 QUAE:
2157 1857 2312 1897 pessime.
2358 1860 2549 1892 Parmensis
2572 1861 2633 1893 ha-

1547 1904 1605 1934 bet
1628 1911 1719 1940 qua:
1746 1905 1780 1934 et
1804 1904 1852 1934 ita
1876 1902 2028 1934 ediderat
2048 1903 2250 1935 Gronovius.
2295 1903 2387 1937 Nihil
2417 1907 2531 1937 autem
2550 1906 2630 1938 huie

1547 1949 1625 1980 loco
1667 1949 1791 1981 attinet
1837 1949 2009 1990 quaestio,
2061 1958 2127 1988 quo
2164 1959 2290 1990 genere
2325 1952 2451 1983 veneni
2489 1952 2632 1993 perierit

1549 1996 1751 2035 Cleopatra3
1794 1996 1907 2026 utrum
1931 1995 2155 2037 delibutorio,
2196 2005 2240 2028 an
2266 2000 2393 2036 puncto
2414 2007 2496 2030 acus
2519 2007 2633 2031 coma-

1548 2042 1657 2073 toriae
1693 2051 1826 2074 veneno
1858 2041 2022 2080 infectae,
2072 2051 2147 2073 cum
2180 2051 2250 2074 vox
2283 2046 2508 2089 anguiferum
2528 2045 2631 2085 plane

1549 2088 1706 2120 ostendat
1739 2087 1883 2120 Statium
1917 2087 2101 2127 imputasse
2133 2091 2278 2120 mortem
2314 2091 2387 2130 ejus
2422 2091 2549 2124 morsui
2578 2091 2630 2123 A-

1549 2136 1683 2174 spiclum
1716 2134 1993 2166 somniferarum:
2036 2135 2126 2165 unde
2150 2136 2335 2176 Hypothesi
2367 2146 2451 2169 suae
2475 2137 2630 2170 serviens

1547 2183 1642 2213 recte
1667 2181 1796 2212 addidit
1824 2190 1941 2212 mersa
1961 2188 2142 2212 vernano.
2175 2183 2288 2225 quod,
2333 2185 2372 2215 ut
2395 2184 2630 2226 certissimum,

1547 2227 1585 2258 in
1612 2229 1814 2259 contextum
1847 2227 1980 2258 admitti
2004 2227 2117 2258 velim.
2164 2230 2260 2260 Vei-s.
2295 2229 2451 2268 proxime
2474 2239 2543 2272 seq.
2565 2240 2629 2271 pro

1553 2273 1670 2315 Usque
1691 2281 1739 2305 ar
1764 2282 1801 2304 ix
1825 2275 2002 2304 Assvas
2026 2275 2145 2314 sedes,
2189 2275 2280 2313 quod
2303 2285 2422 2307 verum
2449 2279 2517 2319 est,
2555 2277 2629 2309 no-

1548 2320 1634 2351 mitii
1676 2320 1817 2351 Codices
1845 2320 2013 2351 habebant
2049 2319 2165 2361 Usque
2196 2329 2246 2352 AD
2287 2323 2476 2354 Masumas
2505 2323 2628 2355 sedes.-

1547 2367 1639 2399 unde
1662 2366 1742 2397 {ecit
1764 2366 1842 2406 ille,
1879 2366 1996 2407 Usque
2020 2373 2056 2397 lx
2077 2368 2266 2398 Assvnms.
2309 2368 2522 2411 Parmensis,
2565 2367 2630 2400 Us-

1549 2423 1613 2454 que
1649 2420 1699 2444 AD
1722 2414 1930 2444 Msssmms
1956 2414 2064 2444 sedes.
2090 2412 2226 2444 obvium
2249 2416 2343 2455 erat,
2379 2413 2496 2456 Usque
2519 2421 2568 2447 ET
2591 2421 2631 2446 ns

1548 2461 1728 2491 Assrnus
1750 2460 1858 2491 sedes.
1904 2461 2009 2500 Mox,
2032 2467 2121 2489 vers.
2150 2461 2226 2490 126.
2272 2458 2369 2492 ans
2388 2459 2510 2499 jaculo
2535 2462 2633 2492 dam-

1550 2515 1635 2537 nare
1660 2507 1829 2546 sagittas,
1858 2504 1892 2535 id
1916 2507 1989 2542 est,
2021 2513 2214 2544 superare.-
2247 2513 2308 2543 per
2332 2507 2629 2546 consequentiam:

1551 2552 1608 2591 qui
1637 2551 1727 2582 enim
1757 2555 1948 2590 superatur
1974 2559 2033 2581 seu
2056 2551 2218 2592 vincitur,
2241 2551 2365 2583 damno
2391 2552 2542 2586 afficitur.
2567 2553 2631 2585 ali-

1550 2598 1587 2629 bi
1629 2597 1692 2628 hac
1731 2606 1816 2628 voce
1859 2597 1978 2627 eodem
2008 2595 2195 2636 significatu
2231 2597 2339 2630 utitur
2371 2600 2509 2634 Noster.
2561 2600 2629 2632 Pro

1544 2648 1775 2685 praevertere
1801 2644 1910 2674 Parm.
1933 2647 2164 2682 pervertere:
2184 2643 2284 2674 male.

1595 2708 1628 2732 v.
1657 2700 1734 2732 129.
1835 2701 1890 2731 A‘r
1921 2707 1984 2730 nos
2019 2698 2083 2729 boc
2111 2702 2237 2732 iterum
2274 2706 2412 2734 stantes
2445 2701 2484 2733 in
2513 2700 2629 2742 litore,

1641 2791 1826 2821 Cet-nemus
1860 2752 2228 2831 flucnlfwffliasque
2259 2793 2457 2834 rogabimus
2487 2797 2628 2836 aarum]

1545 2836 1612 2868 Pro
1636 2838 1691 2869 Ar
1717 2836 1820 2867 editio
1845 2838 1954 2868 Parm.
1980 2838 2079 2868 habet
2100 2839 2170 2870 Ac:
2204 2839 2374 2879 Romana,
2408 2847 2499 2872 noc:
2537 2840 2628 2880 quod

1545 2891 1663 2914 verum
1695 2885 1788 2921 puto.
1833 2884 1910 2914 Hoc
1938 2894 2022 2925 nos,
2066 2891 2138 2915 noc
2171 2886 2294 2916 ilerum
2318 2891 2455 2918 stantes
2478 2887 2517 2918 in
2544 2886 2626 2918 1(ιο-

1544 2937 1607 2961 re:
1632 2939 1697 2968 quo
1722 2931 1821 2968 pacto
1844 2933 1988 2970 augetur
2011 2929 2164 2962 affectus.
2211 2931 2372 2972 Virgilius
2393 2932 2480 2970 XII,
2501 2932 2581 2964 259.

1633 2986 1710 3017 Hoc
1734 2990 1831 3023 erat,
1855 2994 1924 3018 noc
1948 2989 2057 3030 votis,
2081 2989 2211 3030 inquit,
2246 2989 2336 3030 quod
2358 2997 2464 3028 saepe
2486 2988 2612 3028 petino·-

1543 3042 1749 3075 Claudianus
1773 3041 1807 3072 in
1833 3044 1987 3076 Rufinum
2010 3047 2060 3085 II,
2087 3046 2168 3076 402.

1633 3090 1711 3121 Hac
1743 3091 1859 3128 petit.
1911 3099 1983 3123 nac
2014 3091 2162 3133 Seilico,
2205 3100 2300 3133 quem
2325 3089 2450 3129 jactas
2477 3088 2623 3132 pellere,

1763 3137 1896 3168 ‹leoetra

1638 3181 1684 3212 Te
1701 3182 1808 3224 ferie.

1539 3239 1597 3271 ubi
1629 3237 1708 3270 vide
1730 3236 1921 3271 Heia-lum.
1942 3238 2017 3270 Val-
2040 3238 2182 3270 Flaccas
2210 3237 2250 3277 V,
2286 3236 2343 3267 17.
