2892 3840
375 391 473 442 196
568 409 570 411 -
1208 372 1395 423 NOTAE
1423 376 1495 420 Au
1527 371 1632 420 Lm.
1660 371 1696 419 Ι.
1733 373 1779 418 3.
2515 377 2611 434 951

376 515 507 550 facilior
529 512 593 545 fuit
614 513 729 552 lapsus
753 509 789 541 in
811 518 858 540 an
872 516 884 538 .-
932 505 966 535 et
990 502 1037 533 ita
1061 499 1182 540 legisse
1207 496 1391 550 Domitium
1413 503 1459 526 ex

377 564 470 595 Nota
492 560 565 599 ejus
587 559 761 598 suspicor3
805 562 900 593 quam
925 557 1019 582 more
1043 555 1104 577 suo
1129 544 1291 575 exscribit
1314 544 1461 573 Bernar-

379 609 458 640 tius,
482 609 581 638 Vers.
606 607 662 637 70.
686 613 747 643 pro
772 600 926 630 Auienus
952 597 988 625 in
1014 591 1186 623 nonnullis
1212 589 1384 621 codicibus
1409 588 1462 618 in-

381 654 477 686 venit
506 652 621 683 Anien
658 651 694 680 in
723 644 907 680 Domitius3
954 640 1043 670 unde
1069 638 1151 677 legit
1174 636 1321 676 Anieni,
1366 635 1463 665 nulla

384 701 568 740 syntaxeos
608 696 719 726 habita
761 691 901 722 ratione.
954 685 1141 716 Politianus
1177 681 1285 722 Epist.
1319 682 1385 722 VI,
1434 683 1463 711 1.

383 746 498 778 Anien
523 749 555 774 et
576 742 691 777 fonte;
719 736 807 776 quod
832 742 913 764 sane
941 731 999 762 vix
1024 730 1188 770 intelligo.
1221 727 1319 760 Solus
1346 735 1464 757 verum

384 791 472 824 vidit
495 786 705 824 Bernartius,
731 782 901 818 Auienus,
929 779 1026 808 Deus
1055 777 1149 808 fluvii
1168 772 1324 811 Anionis,
1348 774 1387 803 ut
1412 773 1466 803 Ti-

386 839 525 869 berinus
552 831 690 863 Tiberis.
736 825 932 864 Propertius
959 825 1018 863 111,
1046 825 1077 854 7.

521 878 682 910 Accessit
705 876 807 912 ripae
832 872 934 910 laus,
958 869 1112 904 Aniene,
1136 873 1228 900 tuae.

366 929 471 959 ‚Mox
497 933 528 955 v.
563 925 617 954 74.
644 929 706 959 pro
735 918 903 950 Tiburnus
929 916 1114 946 nonnullae
1139 915 1315 948 Editiones
1338 916 1465 947 habent

392 972 591 1008 Tiberinus,
633 969 667 997 et
692 965 755 995 hoc
781 964 892 1003 placet
915 961 1076 992 Gevartio
1101 961 1135 990 et
1158 962 1349 994 Politiano:
1389 964 1466 992 Mu-

387 1020 462 1050 reto
487 1017 520 1046 et
545 1012 724 1045 calderino
753 1010 944 1047 Tiburnus,
977 1007 1106 1038 Genius
1134 1007 1264 1040 scilicet
1298 1009 1465 1039 Tiburis:

388 1065 423 1094 et
450 1062 513 1092 hoc
545 1068 661 1090 verum
695 1058 766 1096 est,
814 1056 871 1085 vel
901 1056 1039 1093 propter
1075 1054 1165 1083 illum
1201 1054 1333 1087 Horatii
1355 1055 1468 1085 locum

388 1111 496 1140 carm.
522 1106 561 1144 1,
589 1106 620 1136 7.
645 1111 690 1134 ex
714 1111 778 1142 quo
803 1110 900 1132 suum
921 1100 1032 1130 hausit
1055 1101 1190 1139 Noster,

522 1150 574 1184 Et
591 1158 763 1189 praeceps
787 1147 879 1178 Anio
906 1151 941 1177 et
959 1146 1097 1178 Tiburni
1122 1146 1248 1177 lucus.-

387 1197 451 1230 Ubi
475 1206 537 1236 per
574 1197 723 1227 Tiburni
755 1194 869 1224 lucum
901 1191 992 1222 idem
1027 1191 1187 1231 intelligit
1221 1190 1309 1230 quod
1342 1188 1470 1221 Statius

389 1253 454 1284 per
476 1243 560 1284 ista,
608 1242 675 1273 illa
699 1241 843 1271 recubat
866 1238 1036 1269 Tiburnus
1059 1240 1095 1269 in
1115 1239 1243 1269 umbra.
1291 1239 1342 1267 lta
1366 1235 1471 1267 Albu-

388 1291 459 1322 lam
489 1290 525 1319 et
550 1287 719 1319 Anienum
745 1288 838 1317 Deos
865 1284 964 1325 fecit,
1012 1284 1115 1323 paulo
1144 1286 1232 1315 ante.
1279 1281 1470 1313 Parmensis

388 1336 550 1375 Anienis,
579 1336 614 1364 et
642 1334 846 1369 Tiburnus,-
874 1332 911 1361 ut
937 1333 971 1361 et
997 1331 1157 1361 Romana.
1204 1331 1302 1360 vers.
1331 1330 1386 1359 77.
1410 1336 1471 1366 pro

389 1382 546 1423 algentia
575 1380 663 1419 quod
690 1381 784 1411 recte
811 1376 959 1409 restituit
992 1376 1181 1417 Domitius,
1222 1375 1257 1406 in
1296 1372 1474 1405 Parmensi

392 1430 446 1460 est
475 1427 633 1467 algeona.

440 1473 489 1511 [v.
517 1474 571 1502 78.
617 1480 680 1510 pro
706 1470 804 1502 silvis
832 1467 1013 1507 Lycaeis,
1046 1469 1131 1497 Ven.
1156 1466 1277 1496 beatis.
1305 1465 1400 1495 ortus
1423 1472 1476 1494 er-

392 1527 453 1550 ror
479 1525 525 1547 ex
550 1517 743 1548 charactere
766 1513 1046 1554 Longobardioo,
1081 1512 1118 1542 in
1142 1521 1208 1550 quo
1235 1519 1303 1541 non
1334 1510 1475 1540 multum

394 1562 606 1594 differentiae
644 1563 695 1592 est
728 1561 818 1591 inter
856 1560 1058 1598 scripturam
1094 1558 1213 1588 harum
1246 1565 1376 1587 vocum.
1417 1555 1476 1586 Ex

394 1611 486 1642 Anu.

443 1663 476 1686 v.
489 1611 555 1685 186.
830 1659 1003 1690 arcesque
1025 1649 1191 1687 superbae

484 1699 663 1738 Anxuris]
686 1697 799 1738 Lege,
845 1697 988 1736 superbi
1011 1694 1171 1726 Anxuris.
1217 1691 1378 1732 Virgilius
1401 1692 1475 1733 VH,

514 1788 624 1821 Atina
645 1792 793 1827 potens,
839 1788 1010 1826 Tiburque
1033 1787 1244 1817 SUPERBUM:

396 1835 563 1869 Martialis
585 1834 755 1873 Epigram.
779 1835 844 1872 Vl,
869 1834 926 1863 42.

533 1882 611 1912 Non
633 1881 743 1910 mollis
773 1879 966 1916 Sinuessa,
984 1876 1168 1918 fervidive

532 1926 680 1957 Fluctus
706 1925 891 1964 Passeris,
915 1926 981 1954 aut
1004 1927 1184 1951 supensus
1208 1920 1358 1954 Anxur:

401 1972 578 2012 Superbus
603 1980 723 2009 nempe
748 1972 790 2002 ob
818 1970 919 2000 situm
945 1967 1191 2007 excelsiorem,
1217 1968 1338 2008 quippe

530 2020 727 2050 IMPOSITUM
757 2023 860 2047 SAxls
886 2017 956 2046 late
984 2014 1213 2043 candentibus
1242 2015 1372 2054 Anxur,

397 2065 437 2095 ut
468 2063 510 2093 de
532 2074 573 2095 eo
600 2062 780 2099 Horatius3
829 2060 884 2101 qui
913 2062 1019 2091 Tibur
1044 2059 1143 2090 etiam
1173 2059 1331 2098 Epitheto
1357 2061 1479 2099 supini

400 2109 505 2139 donat
534 2110 556 2141 i.
588 2118 618 2139 e.
654 2109 803 2147 superbi.
857 2107 941 2137 Vide
971 2106 1019 2136 el.
1063 2105 1248 2135 Bentleium
1283 2108 1325 2137 ad
1359 2108 1476 2137 Horat.

400 2155 509 2194 Epod.
544 2158 572 2187 Ι.
605 2163 636 2184 v.
670 2155 725 2185 29.
760 2153 817 2184 ubi
842 2154 928 2183 forte
950 2151 1128 2190 legendum
1153 2159 1301 2183 sursum
1330 2162 1390 2191 pro
1418 2159 1478 2183 su-

400 2207 522 2232 PERNI.
573 2200 679 2230 Paulo
716 2209 818 2238 supra
853 2208 884 2229 v.
925 2199 977 2229 84.
1004 2207 1065 2236 pro
1090 2196 1267 2229 Lucrinae
1292 2201 1366 2230 Vet.
1394 2199 1474 2230 Cod.

399 2246 500 2280 habet
532 2245 720 2287 Laciniae,
767 2248 800 2276 et
838 2245 884 2276 ita
917 2243 999 2283 legit
1032 2245 1066 2273 et
1091 2243 1336 2283 interpretatur
1359 2245 1479 2276 Domi-

400 2292 489 2330 tius;
535 2293 698 2331 querente
733 2300 836 2330 super
867 2290 930 2321 hac
955 2299 992 2320 re
1015 2289 1181 2321 Politiano
1205 2291 1311 2330 Epist.
1337 2293 1405 2331 Vl,
1447 2294 1475 2322 l.

401 2340 526 2370 Verum
550 2341 601 2370 est
626 2336 830 2368 Lucrinae:
853 2336 951 2367 alteri
978 2335 1230 2374 chorographiis
1259 2337 1430 2368 reclamat.

449 2393 480 2415 v.
509 2385 563 2415 89.
610 2385 702 2414 AVIA
725 2385 880 2414 nimbosa
903 2384 1113 2413 revocabunt
1138 2383 1244 2413 litora
1267 2384 1404 2422 bruma]

403 2431 575 2466 Quaenam
606 2429 688 2459 haec
719 2430 810 2460 Avia
842 2428 944 2459 litora
979 2428 1022 2458 ad
1046 2437 1131 2466 quae
1153 2428 1316 2467 Vopiscus
1337 2429 1477 2460 hiberno

402 2477 555 2515 tempore
579 2474 741 2506 secessit?
774 2485 843 2506 non
867 2476 958 2505 certe
982 2474 1018 2504 in
1041 2474 1157 2511 ltalia;
1202 2474 1249 2505 ibi
1276 2474 1365 2506 enim
1385 2476 1481 2505 nulla

402 2524 490 2553 avia
514 2522 638 2559 litora3
668 2521 779 2553 omnia
806 2520 927 2560 quippe
952 2521 1166 2559 frequentata
1196 2523 1229 2550 et
1251 2522 1336 2552 bene
1362 2521 1479 2561 cogni-

402 2569 450 2599 ta.
493 2569 538 2599 Et
570 2569 682 2598 tamen
714 2567 749 2597 in
784 2566 882 2598 Italia
914 2568 948 2597 et
985 2567 1027 2596 ad
1048 2576 1140 2597 mare
1164 2567 1479 2606 Tyrrhenumhaec

402 2614 506 2646 litora
530 2622 604 2644 esse
629 2615 763 2652 oportet
788 2623 831 2643 ex
855 2612 1030 2650 adjunctis.
1078 2612 1162 2643 Vide
1189 2612 1297 2644 enim:
1346 2614 1477 2653 cedant,

403 2659 513 2699 inquit
543 2658 689 2698 Statius,
737 2659 814 2689 huic
847 2658 1044 2689 Tiburtinae
1078 2659 1266 2688 Tuscnzun
1292 2660 1326 2688 et
1349 2661 1478 2689 Anni-:A

405 2708 440 2736 et
470 2705 578 2735 Villae
614 2705 656 2734 ad
686 2705 795 2735 lacum
818 2711 1019 2744 Lucanum,
1065 2706 1098 2733 et
1123 2705 1308 2741 Feminam
1356 2705 1478 2735 cedant

404 2750 506 2782 etiam
538 2753 693 2789 cincun,
746 2752 781 2780 et
810 2751 940 2780 Axxua
972 2751 1005 2778 et
1037 2751 1191 2780 CAffl'rA:
1242 2749 1364 2780 deinde
1395 2751 1479 2781 haec

403 2798 495 2828 AVIA
518 2797 624 2827 litora
645 2795 765 2826 cedere
783 2795 954 2833 jubentur.
978 2795 1101 2825 cedant
1123 2804 1205 2825 sane
1230 2804 1292 2833 per
1315 2805 1389 2833 me3
1419 2795 1479 2826 sed

404 2842 499 2882 prius
520 2850 697 2873 noscamus
727 2850 889 2880 quaenam
923 2841 998 2871 sint.
1045 2843 1116 2871 Nec
1141 2841 1244 2879 longa
1272 2840 1477 2881 disquisitio:

403 2890 499 2919 nulla
527 2888 617 2919 enim
650 2887 718 2918 alia
753 2896 826 2917 esse
866 2888 1008 2926 possunt
1041 2887 1177 2925 praeter
1212 2889 1329 2918 ANTIA
1362 2889 1479 2919 litora.

404 2936 496 2965 Haec
533 2935 635 2974 igitur
668 2933 703 2963 in
729 2934 843 2963 sedem
870 2942 963 2964 suam
989 2933 1131 2964 fidenter
1153 2942 1293 2971 repono.
1341 2934 1480 2966 Videtur

405 2981 529 3012 Statius
550 2978 700 3011 hausisse
725 2980 807 3011 haec
831 2988 875 3009 ex
902 2978 1023 3010 Ovidio
1054 2981 1189 3010 Metam.
1211 2979 1284 3019 XV,
1313 2981 1393 3011 716.

494 3026 765 3066 Minturnaeque
794 3034 942 3067 graves,
988 3027 1022 3056 et
1048 3034 1145 3064 quam
1171 3025 1350 3056 tumulavit
1378 3026 1483 3058 alum.

618 3079 681 3101 nus

494 3093 758 3155 Antiphatae'que
794 3116 933 3157 domus,
986 3115 1202 3157 Trachasque
1237 3116 1383 3149 obsessa
1413 3127 1481 3158 pa-

621 3162 710 3200 lude,

494 3202 539 3234 Et
558 3205 655 3237 tenua
677 3207 835 3247 Circaea,
858 3211 894 3239 et
916 3207 1025 3246 spissa·
1046 3206 1159 3239 litoris
1182 3207 1345 3240 ANTIUM:

1528 495 1651 527 Omnia
1676 494 1772 526 vides
1807 494 1879 526 fere
1915 492 2049 524 eadem:
2094 503 2198 534 quam
2224 496 2413 527 tumulavit
2446 492 2608 525 alumnus

1529 543 1581 572 est
1616 543 1759 578 Caieta,
1782 542 1918 571 Aeneae
1948 539 2082 569 nutrix:
2133 541 2293 572 Trarlms
2331 544 2384 572 est
2411 540 2612 571 Tarracina

1529 597 1616 627 quae
1638 590 1674 618 et
1699 587 1839 618 Anxur.
1885 587 1976 617 Bene
2003 594 2086 616 vero
2113 586 2253 618 Antium
2277 588 2384 628 litus,
2416 588 2455 617 ut
2477 586 2611 616 Istrum

1531 635 1629 665 latus
1655 633 1737 666 Silv.
1759 635 1818 674 lv,
1843 633 1876 663 4.
1924 631 2064 662 Partha
2087 641 2210 663 manus
2234 633 2330 664 ovid.
2354 635 2445 664 Fast.
2477 641 2613 663 venena

1536 680 1664 711 Colcha
1688 681 1804 710 Horat.
1828 681 1937 709 Carni.
1963 679 2016 717 ll,
2047 679 2097 709 13.
2125 677 2180 708 ubi
2204 677 2280 708 vide
2300 678 2498 709 Bentleium.
2522 676 2613 710 As).-

1534 721 1599 769 φὸς
1618 722 1703 770 ἀνὴρ
1730 725 1820 764 apud
1847 724 2044 762 Aeschylum
2070 722 2248 755 Eumenid.
2275 726 2309 754 et
2331 725 2479 756 suidam,
2502 723 2615 754 Astur

1533 780 1638 809 equus
1675 771 1822 802 Martial.
1856 771 1947 800 XIV.
1986 770 2062 800 199.
2122 768 2232 801 Miror
2255 770 2346 800 unde
2369 769 2614 809 Interpretibus

1533 817 1569 847 in
1593 819 1739 847 mentem
1774 815 1908 847 venerit
1933 814 2058 854 aliqui-d
2083 815 2147 847 hoc
2171 811 2248 847 loco
2276 815 2319 846 de
2341 814 2451 847 Antio
2475 813 2616 846 commi-

1535 863 1640 893 nisci:
1689 873 1766 893 nam
1801 863 1890 900 apud
1919 861 2105 892 Domitium
2138 862 2222 892 haec
2254 860 2413 893 invenio:
2467 862 2615 891 CEDANT

1535 916 1627 945 QUAE
1661 911 1724 949 'ri-:J
1760 907 1900 939 Antium
1935 907 2115 948 intelligit,
2153 906 2256 950 quoy
2281 908 2390 939 hieme
2415 906 2617 937 secedebant

1536 955 1698 986 Romani.
1718 956 1858 985 'hirom
1886 955 1990 992 AviA]
2020 953 2103 983 Se'ne
2123 958 2253 994 portu.-
2278 963 2360 985 nam
2382 952 2523 982 Antium
2536 959 2620 990 por-

1536 1006 1575 1032 tu
1602 1003 1741 1038 caruit,
1775 1007 1815 1033 ut
1839 1001 1965 1031 scribit
1986 999 2125 1030 Strabo.
2173 1001 2282 1036 Quem
2309 997 2521 1038 subsequitur
2542 998 2620 1028 Mo-

1536 1047 1664 1087 ressus,
1693 1049 1727 1078 et
1751 1055 1794 1077 ex
1821 1045 1978 1077 Lucretio
2006 1045 2153 1087 adducit,
2179 1054 2264 1077 AVIA
2294 1047 2374 1078 loca
2398 1045 2532 1076 nullius
2557 1051 2620 1074 an-

1538 1099 1572 1125 te
1595 1095 1688 1125 trita
1712 1094 1808 1124 solo.-
1829 1094 1914 1123 acia
1931 1092 2052 1132 litora,
2076 1088 2232 1136 ἀλίμενα.
2278 1092 2378 1131 Atqui
2403 1093 2490 1122 avia
2517 1088 2620 1120 litora

1538 1139 1746 1179 non·niagis
1778 1139 1941 1170 denotant
1971 1138 2134 1169 Antiana
2163 1138 2265 1169 litora
2288 1148 2386 1178 quam
2415 1137 2622 1176 Tarentina,

1540 1196 1638 1225 quam
1662 1185 1843 1222 Asiatica,
1863 1194 1962 1224 quam
1991 1185 2092 1215 Inda.
2139 1185 2258 1221 Qualis
2285 1185 2367 1215 haec
2394 1186 2446 1214 est
2469 1183 2622 1214 Fortuna

1541 1232 1576 1262 in
1599 1231 1782 1262 Veritatem
1813 1229 1980 1262 incidere!
2024 1228 2153 1271 qualis,
2196 1231 2327 1262 nescire
2359 1230 2416 1261 ubi
2439 1225 2619 1260 incideris!

1539 1279 1606 1309 Pro
1631 1278 1739 1309 litora
1762 1276 1798 1306 in
1822 1276 1994 1308 Parmensi
2025 1279 2077 1307 est
2096 1277 2253 1318 frigora.

1589 1333 1620 1355 v.
1647 1325 1702 1354 90.
1749 1322 1887 1354 Scilicet
1921 1322 1974 1353 hic
2002 1329 2071 1353 itu
2093 1329 2335 1354 nam-mxuma
2357 1329 2527 1353 posnam
2549 1328 2623 1352 mo-

1542 1373 1615 1410 res]
1642 1369 1726 1405 Quis
1750 1368 1970 1408 interpretum
1999 1370 2082 1399 haec
2108 1367 2305 1399 intellexit?
2345 1378 2414 1399 non
2442 1366 2623 1407 Domitius,

1544 1417 1600 1456 qui
1639 1415 1809 1454 explicat3
1862 1415 1933 1445 Per
1964 1415 2068 1446 talem
2099 1424 2273 1447 secessum
2305 1418 2341 1444 et
2380 1415 2626 1445 amoenitatem

1545 1463 1717 1501 componis
1745 1463 1901 1492 animum
1925 1462 1973 1491 ad
1991 1462 2213 1502 gravitatem.
2260 1458 2370 1492 Ceteri
2395 1460 2519 1490 tacent.
2564 1458 2627 1489 At-

1544 1509 1601 1548 qui
1638 1507 1804 1545 quomodo
1836 1515 1947 1536 mores
1983 1508 2196 1538 medicantur
2214 1505 2397 1546 pondera?
2438 1514 2519 1536 num
2544 1511 2627 1544 ergo

1543 1554 1675 1592 reliqua
1702 1555 1797 1591 parte
1830 1551 1911 1582 anni
1944 1559 2046 1583 Levis
2079 1554 2153 1583 erat
2181 1552 2348 1592 Manlius,
2390 1557 2628 1583 ‹insvla-Arna

1545 1592 1791 1632 meditabatur'
1819 1598 1947 1629 aestate
1987 1608 2063 1629 cum
2105 1598 2141 1629 in
2180 1597 2389 1629 Tiburtinam
2424 1597 2626 1628 secederet!

1544 1647 1608 1678 hoc
1630 1644 1740 1685 enim,
1775 1642 1804 1674 si
1830 1643 1976 1684 aliquid,
2016 1643 2161 1675 innuere
2185 1644 2342 1676 videntur
2368 1652 2492 1684 voces,
2524 1643 2627 1674 medi-

1545 1694 1622 1725 tari
1649 1692 1818 1730 pondera.
1875 1690 2027 1732 Deinde,
2074 1700 2177 1729 quare
2210 1699 2300 1732 1LL1,
2344 1693 2379 1720 et
2411 1698 2480 1720 non
2511 1688 2626 1729 potius

1546 1738 1643 1770 ‘mail‘
1668 1738 1702 1767 et
1723 1737 1813 1767 infra
1833 1736 1923 1767 enim
1951 1737 1985 1766 et
2013 1745 2116 1775 supra
2140 1737 2305 1768 Manlium
2329 1736 2531 1775 alloquitur:
2563 1743 2626 1766 cur

1545 1794 1616 1816 non
1637 1782 1715 1813 hic?
1739 1782 1804 1813 nisi
1826 1782 1913 1813 forte
1938 1791 2009 1813 vox
2034 1791 2103 1814 ιιιῐ
2127 1793 2201 1814 cum
2229 1792 2340 1814 mores
2367 1781 2624 1822 conjungenda5

1547 1840 1612 1870 quo
1639 1830 1749 1869 facto,
1774 1837 1901 1867 quaero
1925 1829 2034 1859 adhuc
2059 1830 2128 1865 θυι
2155 1830 2299 1861 monus?
2329 1828 2415 1858 nihil
2437 1828 2549 1870 enim,
2579 1836 2624 1858 ne

1545 1878 1685 1908 verbum
1713 1873 1866 1915 quidem,
1890 1875 1932 1905 de
1956 1876 2120 1906 moribus.
2167 1874 2422 1914 Inexplicabilia
2442 1874 2526 1905 haec
2546 1874 2626 1904 sunt

1545 1923 1624 1962 quia
1651 1920 1912 1959 corruptissima.
1960 1920 2014 1951 Ex
2038 1920 2178 1960 pulchra
2204 1921 2415 1960 sequentium
2438 1919 2626 1960 oppositio·

1544 1978 1608 2009 ne,
1645 1968 1826 2009 foecunda
1871 1968 1992 2007 quies,
2037 1967 2146 1998 virtus
2180 1970 2306 2008 gravis
2338 1968 2451 1997 fronte
2487 1975 2626 2007 serena,

1545 2022 1655 2047 sanus
1679 2014 1794 2051 nitor,
1819 2013 1906 2044 lux-u
1933 2019 2093 2046 carentes
2116 2013 2273 2050 deliciae,
2301 2013 2410 2043 statim
2437 2012 2626 2052 suspicatus

1546 2071 1619 2092 sum
1643 2059 1702 2090 sub
1730 2058 1782 2089 his
1808 2059 1908 2090 etiam
1931 2069 2072 2090 acumen
2097 2058 2232 2098 aliquod
2255 2060 2385 2097 latere;
2408 2059 2508 2100 quod,
2531 2060 2626 2100 puto,

1545 2107 1642 2147 erui,
1666 2105 1729 2135 hoc
1749 2106 1871 2144 modo;
1908 2106 2058 2137 Scilicet
2079 2106 2137 2136 laic
2162 2113 2287 2137 mmm
2310 2113 2515 2137 MISCENTUR
2539 2111 2628 2136 Pou-

1544 2161 1641 2185 DERE
1665 2160 1799 2182 mores:
1822 2151 2080 2191 Elegantissima
2103 2151 2298 2194 antithesis,
2328 2151 2445 2184 lactan·
2461 2152 2628 2193 pondere,

1545 2209 1612 2239 qua
1642 2196 1723 2229 alibi
1745 2197 1853 2229 utitur
1878 2200 1931 2239 11,
1958 2199 1988 2230 3.
2016 2207 2049 2228 v.
2074 2200 2129 2229 65.

1681 2250 1913 2284 fflLAlusque,
1938 2249 2060 2276 tamen
2086 2253 2162 2275 cum
2185 2250 2376 2284 ronanus,
2400 2244 2538 2274 virtute

1544 2291 1590 2322 Et
1610 2292 1657 2329 V,
1682 2292 1716 2320 2.

1644 2335 1739 2366 Tunc
1765 2342 1910 2367 nimius
1934 2335 2084 2375 probitas
2110 2340 2145 2367 et
2160 2336 2271 2378 frons
2293 2333 2514 2376 tranquilla.-

1546 2383 1591 2414 Et
1613 2383 1666 2422 V,
1688 2383 1718 2414 3.
1743 2391 1774 2412 v.
1799 2383 1877 2413 246.

1639 2429 1735 2467 Quid
1755 2429 1912 2470 referam
1938 2426 2131 2468 expositos,
2177 2431 2321 2459 servato
2349 2424 2519 2464 pondere,
2561 2430 2628 2452 mo·

1766 2473 1855 2505 res?

1547 2518 1707 2559 intelligit
1727 2528 1849 2559 nempe
1871 2519 1961 2549 istud
1985 2518 2075 2557 quod
2098 2517 2163 2548 hoc
2184 2517 2285 2548 modo
2309 2516 2432 2548 extulit
2457 2512 2628 2547 Ausonius

1547 2565 1715 2596 Parental.
1739 2567 1781 2595 Il.

1684 2610 1735 2640 Et
1759 2610 1921 2651 gravitas
1948 2610 2056 2638 comis
2069 2629 2080 2646 ,
2108 2609 2272 2648 laetaque
2297 2610 2462 2640 serietas.

1547 2654 1607 2687 Sil.
1636 2655 1774 2686 Italicus
1798 2656 1896 2694 vlu,
1921 2656 1998 2685 610.
2025 2654 2065 2684 de
2089 2655 2210 2685 Bruto:

1637 2702 1745 2732 Laeta
1767 2705 1846 2733 viro
1869 2700 2036 2740 gravitas,
2064 2705 2100 2730 et
2123 2702 2250 2731 mentis
2273 2699 2416 2730 amabile
2440 2701 2585 2746 pondus,

1638 2746 1690 2778 Et
1708 2747 1782 2778 sine
1807 2746 1944 2778 tristitia
1968 2746 2085 2776 virtus.

1549 2789 1665 2823 Mores
1702 2793 1778 2824 huic
1807 2795 1923 2824 nostro
1948 2792 2116 2823 interdum
2142 2794 2255 2823 animi
2277 2793 2424 2823 indolem
2453 2793 2628 2834 denotant,

1549 2837 1730 2875 aliquando
1772 2849 1914 2881 gravem
1961 2845 1997 2870 et
2029 2840 2247 2877 compositum
2283 2841 2380 2870 vitae
2420 2849 2560 2872 cursum
2592 2844 2629 2871 ee

1549 2887 1712 2919 tenorem.
1769 2884 1894 2916 Facilis
1931 2884 1994 2916 suit
2026 2885 2140 2922 lapsus
2167 2893 2210 2914 ex
2235 2891 2358 2925 lnam,
2402 2884 2423 2916 ἰ.
2450 2894 2479 2916 e.
2506 2885 2626 2926 stilari,

1547 2928 1582 2959 in
1626 2938 1717 2968 ιιιῐς
1768 2941 1833 2970 quo
1875 2931 1979 2961 semel
2011 2932 2204 2970 perpetrato
2236 2940 2315 2970 pars
2345 2931 2475 2969 reliqua
2509 2938 2626 2962 venus

1550 2976 1813 3014 periclitabatur.
1861 2979 1986 3008 contra
2010 2977 2099 3016 apud
2124 2978 2287 3008 Senecam
2311 2977 2445 3008 consol.
2471 2976 2513 3007 ad
2531 2977 2626 3007 Mar.

1552 3021 1637 3052 ciam
1664 3034 1691 3054 c.
1713 3023 1806 3055 XllI.
1830 3033 1912 3063 pro,
1937 3025 1987 3054 ad
2010 3024 2218 3062 Capitolium
2241 3030 2366 3054 mmm
2391 3023 2496 3052 rediit
2515 3021 2626 3063 vultu,

1551 3069 1742 3101 Gronovius
1773 3079 1817 3101 ex
1845 3070 1959 3100 codice
1988 3069 2098 3101 Jureti
2117 3069 2286 3109 restituit,
2319 3070 2368 3099 ad
2395 3067 2624 3106 eapuolmum

1549 3120 1655 3147 utum
1688 3117 1794 3147 rediit
1825 3117 1969 3147 vultum.
2024 3117 2128 3147 Totus
2161 3114 2214 3144 hic
2246 3114 2340 3144 locus
2380 3112 2623 3150 pulcherrimus

1550 3162 1613 3191 est.
1659 3160 1788 3192 Plinius
1822 3162 1927 3201 Epist.
1963 3163 2028 3200 IV,
2078 3163 2108 3193 3.
2155 3160 2245 3190 Nam
2277 3157 2490 3189 severitatem
2515 3162 2623 3191 istam

1545 3208 1635 3247 pari
1658 3207 1868 3246 jucunditate
1902 3207 2059 3248 condire,
2103 3214 2320 3245 summaeque
2352 3203 2510 3244 gravitati
2543 3210 2621 3238 tan-
