2892 3840
953 426 1413 463 slnvanulu
1479 414 1649 462 [ΑΒ.
1717 417 1797 463 Iv.

277 539 372 589 Cui
398 541 617 605 primum
649 540 796 586 solito
827 539 966 601 Vulgi
999 539 1063 586 de
1094 554 1234 587 more
1270 540 1500 598 salutem,

273 629 401 677 Mox
427 629 618 676 inclusa
648 629 812 676 modis
843 628 967 675 haec
998 628 1211 677 reddere
1240 630 1399 679 verba
1428 639 1706 677 memento:

273 715 377 765 JAM
411 725 569 765 terras
603 718 955 781 volucremque
989 718 1161 781 polum
1195 718 1315 778 fuga
1342 721 1479 767 veris
1512 720 1687 783 aquosi

272 805 466 865 Laxat,
494 815 547 854 et
578 807 748 854 Icariis
782 807 973 854 caelum
1007 806 1269 854 latratibus
1302 808 1429 855 urit:

272 895 449 944 Ardua
473 897 582 958 jam
620 896 806 943 densae
839 903 1098 943 rarescunt
1127 897 1328 943 moenia
1358 897 1561 944 Romae.

272 984 379 1033 Hos
410 985 678 1033 Praeneste
715 1000 935 1042 sacrum,
971 1000 1149 1031 nemus
1184 985 1276 1031 hos
1307 985 1511 1046 glaciale
1538 988 1751 1045 Dianae,

272 1074 482 1136 Algidus
516 1082 604 1121 aut
637 1075 872 1130 horrens,
903 1081 991 1120 aut
1019 1073 1232 1119 Tuscula
1259 1076 1479 1135 protegit
1508 1076 1710 1123 umbra:

274 1163 472 1211 Tiburis
502 1162 556 1208 hi
585 1163 746 1219 lucos,
777 1161 1071 1224 Anienaque
1101 1161 1287 1222 frigora
1316 1171 1530 1225 captant.

274 1252 345 1299 Te
380 1265 574 1314 quoque
610 1251 856 1298 clamosae
884 1265 1130 1313 quaenam
1155 1251 1304 1315 plaga
1332 1253 1504 1299 mitior
1537 1254 1650 1301 urbi

271 1339 558 1388 subtrahit?
588 1340 809 1388 aestivos
845 1355 942 1403 quo
972 1340 1160 1403 decipis
1195 1343 1311 1388 aiire
1348 1341 1510 1389 soles?

271 1428 428 1488 Quid,
462 1436 575 1476 tuus
610 1436 726 1476 ante
763 1444 967 1486 omnes,
1001 1436 1089 1474 tua
1123 1443 1240 1474 cura
1266 1429 1533 1491 potissima
1566 1430 1737 1477 Gallus

269 1518 374 1567 Nec
406 1533 509 1565 non
542 1526 713 1565 noster
739 1533 904 1574 amor,
935 1516 1165 1580 (dubium
1197 1531 1460 1564 morumne
1496 1518 1784 1582 probandus

268 1609 523 1670 Ingeniine
553 1607 719 1670 bonis)
748 1606 907 1654 Latiis
936 1606 1155 1655 aestivat
1186 1606 1242 1653 in
1274 1606 1406 1654 oris?

270 1698 415 1746 Anne
446 1696 775 1744 metalliferae
808 1698 993 1760 repetit
1017 1697 1126 1758 jam
1165 1697 1368 1744 moenia
1400 1697 1574 1746 Lunae

270 1787 654 1850 Tyrrhenasque
689 1786 896 1833 domos?
931 1785 1066 1849 quod
1095 1786 1143 1837 si
1179 1786 1271 1833 tibi
1303 1789 1569 1849 proximus
1604 1788 1794 1846 haeret,

269 1878 383 1927 Non
411 1892 501 1939 ego
530 1891 662 1922 nunc
688 1882 860 1922 vestro
881 1867 1058 1939 'procul
1094 1889 1125 1921 a
1155 1890 1385 1922 sermone
1414 1877 1619 1924 recedo:

272 1966 477 2015 Certum
507 1973 607 2012 est:
641 1963 760 2010 inde
797 1978 948 2011 sonus
980 1964 1204 2025 geminas
1238 1965 1363 2011 mihi
1396 1965 1568 2012 circuit
1599 1981 1758 2014 aures.

273 2056 373 2103 Sed
401 2063 480 2112 tu,
516 2055 638 2102 dum
669 2053 826 2099 nimio
855 2067 1089 2117 possessa
1121 2051 1412 2115 Hyperione
1442 2054 1618 2117 flagrat

274 2145 442 2194 Torva
477 2143 713 2192 Cleonaei
734 2141 859 2204 juba
894 2142 1099 2199 sideris,
1134 2156 1267 2189 exue
1295 2144 1426 2190 curis

271 2234 474 2291 Pectus,
507 2241 558 2280 et
585 2231 787 2280 assiduo
818 2238 976 2278 temet
1005 2231 1172 2279 furare
1202 2232 1376 2279 labori.

270 2324 339 2369 Et
367 2331 537 2369 sontes
567 2322 730 2385 operit
768 2320 1052 2384 pharetras,
1085 2336 1351 2384 arcumque
1387 2323 1609 2370 retendit

268 2412 507 2470 Parthus3
540 2420 591 2457 et
616 2410 766 2456 Eleos
795 2411 992 2471 auriga,
1029 2409 1282 2457 laboribus
1314 2412 1454 2467 actis,

271 2501 464 2564 Alpheo
498 2500 773 2564 permulcet
808 2513 984 2561 equos:
1019 2506 1071 2544 et
1102 2507 1276 2547 nostra
1307 2500 1495 2546 fatiscit

270 2589 592 2653 Laxaturque
628 2589 811 2650 chelys.
881 2589 1016 2635 vires
1047 2589 1278 2650 instigat,
1313 2589 1498 2652 alitque

274 2678 598 2740 Tempestiva
634 2680 796 2742 quies:
831 2678 990 2740 major
1019 2685 1136 2741 post
1164 2678 1267 2724 otia
1301 2679 1476 2726 virtus.

274 2767 410 2814 Talis
442 2774 641 2813 cantata
665 2767 886 2814 Briseide
915 2768 1059 2815 venit
1090 2766 1308 2815 Achilles

273 2855 476 2912 Acrior,
508 2863 559 2901 et
592 2857 769 2918 positis
802 2857 965 2918 erupit
994 2858 1049 2903 in
1082 2855 1300 2905 Hectora
1328 2858 1544 2920 plectris.

275 2946 347 2993 Te
380 2959 572 3008 quoque
607 2944 882 2991 flammabit
915 2947 1063 2991 tacite
1095 2948 1310 3008 repetita
1340 2961 1608 3011 parumper

273 3036 510 3093 Desidia,
544 3042 595 3081 et
626 3035 798 3082 solitos
829 3049 990 3082 novus
1021 3034 1271 3082 exultabis
1302 3036 1356 3081 in
1391 3044 1542 3083 actus.

364 3257 402 3286 v.
428 3257 484 3287 22.
512 3256 608 3295 Vulg.
638 3254 824 3294 {ngeniis-r..
873 3257 927 3287 31.
955 3255 1087 3286 Euius
1119 3272 1160 3277 -—
1188 3262 1310 3286 Aeros.
1361 3257 1413 3287 38.
1440 3263 1597 3287 somnos.

1627 3311 1733 3358 02

2419 424 2516 472 107

2453 550 2518 594 10

2454 997 2514 1041 15
