2892 3840
739 891 810 951 Ρ.
887 889 1382 954 PAPINII
1457 889 1896 965 STATH

540 1055 604 1137 S
725 1057 775 1140 I
919 1061 1007 1144 L
1141 1058 1226 1138 V
1347 1055 1436 1137 A
1557 1056 1653 1140 R
1778 1059 1869 1143 U
1987 1055 2097 1140 M

981 1288 1251 1331 LIBER
1306 1285 1651 1328 PRIMUS.

863 1775 1019 1831 AD
1126 1772 1758 1830 STELLAM.

190 1948 366 2031 Dm
419 1979 784 2053 multumque
823 1981 1111 2051 dubitavi,
1160 1979 1346 2036 Stella
1380 1981 1612 2051 juvenis
1667 1981 1915 2053 optime,
1970 1990 2031 2036 et
2063 1981 2127 2036 in
2166 1985 2370 2039 studiis

191 2084 402 2139 nostris
439 2087 894 2144 eminentissime
931 2107 1044 2161 qua
1085 2097 1248 2160 parte
1286 2089 1542 2155 voluisti,
1574 2106 1648 2141 an
1675 2086 1780 2142 hos
1808 2088 2066 2156 libellos,
2107 2090 2206 2161 qui
2225 2091 2369 2146 mihi

194 2185 382 2241 subito
416 2188 604 2242 calore
645 2197 704 2243 et
737 2192 984 2262 quadam
1020 2191 1334 2246 festinandi
1371 2191 1668 2260 voluptate
1701 2189 2020 2258 fluxerant,
2077 2209 2210 2246 cum
2254 2196 2369 2249 sin-

190 2288 315 2361 guli
347 2289 418 2343 de
465 2290 596 2344 sinu
634 2308 765 2346 meo
802 2294 1173 2362 prodiissent,
1211 2301 1585 2365 congregatos
1621 2293 1744 2364 ipse
1781 2293 2155 2348 dimitterem.
2211 2293 2369 2359 Quid
2410 2301 2442 2352 5

192 2391 381 2446 enim‘.l
432 2390 579 2418 *Η*
610 2411 842 2465 quoque
873 2395 1179 2449 autoritate
1210 2395 1481 2449 editionis
1520 2397 1776 2463 onerari,
1823 2412 2004 2468 quum
2040 2396 2224 2452 adhuc
2260 2417 2364 2470 pro

190 2493 490 2549 Thebaide
518 2512 648 2549 mea
683 2495 970 2569 (quamvis
1000 2515 1094 2551 me
1129 2493 1451 2569 reliquerit)
1492 2498 1668 2552 timeo
1684 2499 1707 2552 2
1753 2496 1871 2552 Sed
1898 2506 1955 2552 et
1987 2495 2249 2555 Culicem
2282 2503 2364 2556 le-

192 2598 398 2669 gimus,
438 2606 497 2652 et
531 2596 1238 2670 Batrachomyomachiam
1278 2600 1456 2654 etiam
1495 2601 1882 2673 agnoscimus:
1915 2619 2023 2656 nee
2062 2603 2368 2677 quisquam

196 2711 282 2755 est
322 2701 635 2757 illustrium
675 2710 1000 2774 poetarum,
1057 2705 1158 2776 qui
1195 2723 1312 2759 non
1358 2704 1578 2775 aliquid
1625 2705 1894 2776 operibus
1942 2705 2060 2760 suis
2108 2707 2240 2763 stilo
2276 2712 2442 2765 re—lO

196 2803 457 2859 missiore
497 2806 856 2873 praeluserit.
918 2803 1105 2869 Quid}
1140 2809 1293 2879 quod
1331 2807 1474 2862 haee
1507 2826 1700 2862 serum
1732 2818 1856 2864 erat
1886 2810 2194 2872 continere,
2234 2830 2365 2867 cum

195 2908 297 2961 illa
335 2924 438 2961 vos
471 2917 624 2962 certe
667 2927 912 2981 quorum
942 2910 1143 2965 honori
1174 2911 1304 2966 data
1342 2919 1502 2979 sunt,
1547 2911 1854 2967 haberetis.
1934 2910 2050 2966 Sed
2082 2915 2234 2982 apud
2273 2932 2363 2969 ce-

194 3020 347 3066 teros
394 3028 628 3067 neeesse
671 3023 757 3068 est
804 3013 1054 3067 multum
1098 3013 1216 3066 illis
1260 3022 1461 3084 pereat
1496 3031 1575 3069 ex
1622 3015 1792 3068 venia
1803 3053 1820 3081 ,
1872 3031 2004 3069 cum
2046 3016 2360 3087 amiserint,

331 3228 403 3259 hin.
428 3232 459 3259 6.
485 3231 582 3271 Vulg.
608 3232 694 3268 Quid
719 3232 807 3263 enim
831 3240 997 3265 OPORTET
1023 3241 1130 3264 ursus
1155 3242 1296 3272 quoque.
1343 3236 1376 3265 6.
1401 3239 1496 3269 quon
1520 3230 1637 3263 adhuc.
1689 3233 1740 3263 10.
1765 3231 1802 3262 L.
1828 3232 1984 3272 operibus
2009 3240 2133 3265 stans.

1601 3287 1649 3337 A
