2892 3840
391 405 496 456 244
1109 398 1113 402 ’
1211 405 1399 455 NOTAE
1433 419 1503 456 Ao
1538 410 1642 458 Lm.
1670 409 1725 456 Π.
1763 410 1808 455 6.
2503 426 2630 477 9112

480 533 567 565 Illic
594 535 765 575 egregium
788 535 978 578 formaque
1004 529 1189 569 animisque
1215 532 1348 562 videbis

487 579 705 612 Marcellum.

437 632 471 655 v.
496 627 554 657 22.
651 627 695 656 Te
730 628 865 656 tantum
905 628 1090 653 CUPIENTIS
1124 621 1277 661 lacrum]
1322 621 1482 660 Quisquis

393 667 510 701 herum
538 677 642 702 cuPIT
674 678 811 702 necesse
836 669 886 698 est
914 667 1036 697 servili
1064 666 1109 698 sit
1133 667 1257 698 animo.
1276 669 1382 710 ferre
1410 669 1486 706 qni-

397 715 473 747 dem
512 717 699 748 Dominum
750 712 950 744 necessitate
989 712 1127 744 adactus
1161 713 1332 745 interdum
1368 715 1481 753 potest

397 770 538 802 magnus
564 762 710 799 animus3
737 768 907 797 nunquam
935 767 1017 789 vero
1043 768 1177 799 cupere.
1207 761 1282 800 lege
1309 759 1423 802 igitur,

492 809 538 839 Te
562 813 694 840 tantum
718 811 907 836 CAPIENTIS
931 804 1076 836 herum.-

398 852 476 883 vide
501 855 659 884 annotata
680 851 722 882 ad
749 850 829 882 Silv.
855 852 891 891 1,
913 852 946 881 2.
986 860 1018 882 v.
1049 853 1125 883 107.
1149 850 1207 882 ubi
1238 852 1279 882 de
1303 851 1367 882 hac
1395 859 1480 881 voce

396 897 515 932 fusius.
548 898 659 928 statim
690 896 791 927 etiam
832 896 1002 937 sequitur,
1042 904 1295 939 curansquue
1331 895 1483 927 Latinae

403 946 458 975 sic
475 945 651 983 peperisse
677 951 813 974 nurus:
840 943 927 981 quod
952 943 1043 974 ultra
1069 944 1226 974 mendum
1249 943 1370 982 arguit.
1415 942 1483 974 Sed

403 994 520 1020 contra
556 997 609 1019 me
642 989 756 1019 movet
793 989 883 1027 quod
907 998 1053 1020 summus
1078 989 1251 1020 Bentleius
1278 989 1314 1019 in
1337 998 1398 1020 sua
1421 988 1484 1019 hu-

398 1035 454 1073 jus
485 1034 552 1065 loci
576 1034 802 1074 explicatione
829 1034 911 1074 legit
945 1037 1137 1075 cupientis.-
1180 1038 1214 1067 et
1246 1035 1324 1066 huic
1357 1034 1486 1073 aliqua-

400 1082 498 1110 tenus
531 1078 647 1111 favent
683 1081 943 1122 praecedentia,
989 1090 1087 1113 Tuum
1125 1085 1187 1114 cue·
1216 1089 1329 1112 Durus:
1357 1082 1488 1113 volenti

399 1127 612 1158 SEerrwn.
657 1127 780 1158 Melius
807 1128 921 1167 itaque
945 1127 1032 1159 forte
1055 1128 1139 1160 nihil
1160 1129 1195 1160 in
1218 1130 1390 1160 contextu
1416 1137 1486 1158 mu-

398 1173 499 1203 tasse.

446 1227 477 1248 v.
501 1219 559 1248 28.
604 1218 758 1249 Rusticus
792 1221 929 1250 invisas
963 1218 1090 1258 dejecit
1111 1221 1148 1250 in
1173 1229 1327 1261 aequora
1347 1220 1485 1259 pinus-1

403 1264 537 1299 Quintis
572 1266 711 1296 invisas
732 1267 840 1304 pinus
865 1264 973 1296 dicit?
1012 1275 1083 1296 non
1109 1265 1198 1296 enim
1222 1266 1374 1297 absolute
1398 1267 1488 1295 invi-

403 1318 465 1341 sae
490 1308 555 1340 dici
577 1313 739 1349 possunt3
766 1311 889 1350 quippe
915 1312 1067 1342 Helenae
1093 1321 1163 1342 non
1187 1314 1343 1351 invisae,
1376 1310 1488 1341 Paridi

402 1365 473 1387 non
495 1357 654 1388 invisae:
688 1366 758 1388 non
783 1357 886 1397 igitur
913 1357 1111 1396 simpliciter
1135 1360 1282 1389 invisae.
1331 1357 1491 1395 Suspica-

405 1402 435 1432 ri
460 1410 576 1442 posses
602 1410 774 1434 mess-ms
795 1406 921 1444 pinus,
944 1413 989 1434 ex
1015 1405 1092 1435 loco
1117 1404 1292 1435 Achilleid.
1319 1405 1362 1437 ΙΙ,
1387 1405 1465 1433 363.

495 1448 567 1479 Nos
590 1448 735 1490 Phryga
757 1451 955 1479 semivirum
973 1454 1101 1488 portus·
1126 1453 1159 1474 ct
1190 1445 1297 1474 litora
1330 1445 1465 1473 circam

498 1493 666 1535 Argolica
688 1502 840 1525 mcx-:swa
858 1495 1057 1524 volitantem
1079 1498 1192 1527 puppe
1219 1487 1398 1519 Seremus?

411 1538 480 1568 Sed
509 1540 617 1578 majus
641 1540 765 1578 aliquid
788 1540 891 1570 latet:
936 1544 1040 1574 quare
1067 1534 1155 1564 enim
1182 1533 1347 1564 Rusticus
1372 1532 1488 1564 Paris!

410 1592 531 1614 verum
571 1585 704 1623 quidem
746 1587 797 1612 est
841 1582 922 1611 olim
959 1581 1144 1610 Rusticum
1181 1580 1285 1610 fuisse
1324 1579 1490 1618 Paridem,

412 1630 547 1666 quando
578 1629 708 1659 scilicet
728 1631 909 1666 pastorem
936 1627 1070 1665 ageret,
1121 1626 1155 1655 ct
1178 1630 1356 1663 antequam
1381 1625 1490 1665 Regis

402 1672 509 1712 filius
541 1675 800 1713 agnosceretur:
841 1672 900 1702 sed
922 1680 994 1702 non
1018 1671 1188 1702 Rusticus
1212 1671 1344 1710 quando
1370 1671 1496 1710 dejecit

412 1722 450 1751 in
476 1730 630 1761 aequora
648 1722 778 1758 pinus.-
819 1718 942 1756 quippe
966 1717 1002 1747 in
1022 1717 1143 1748 Aulam
1170 1718 1349 1755 Trojanam
1372 1726 1492 1755 recep-

411 1766 467 1796 tus
492 1767 620 1806 fuerat,
661 1767 696 1795 et
721 1766 954 1796 rusticitatem
977 1763 1197 1802 proculdubio
1223 1765 1376 1794 exuerat.
1407 1762 1494 1796 Audi

412 1811 569 1842 Ovidium
593 1811 664 1842 Art.
686 1813 760 1841 Am.
785 1812 838 1850 11,
863 1810 939 1841 369.
965 1809 1006 1839 de
1030 1809 1150 1840 Paride
1177 1811 1210 1839 et
1235 1810 1385 1840 Helena:

504 1854 761 1899 Quidfaciat?
802 1858 861 1887 vir
886 1856 1007 1896 abest,
1045 1860 1078 1887 cc
1100 1856 1201 1886 adest
1224 1862 1294 1886 nox
1319 1861 1495 1886 nnsrmus

629 1901 771 1941 hospes3

551 1946 601 1978 Et
624 1951 726 1979 timet
748 1949 785 1978 in
808 1956 920 1977 vacuo
944 1946 1020 1976 sola
1048 1946 1178 1977 cubare
1204 1951 1303 1977 toro:

412 1992 576 2031 Agnoscis
610 1994 765 2025 Paridem
797 2000 869 2023 Non
899 1999 1094 2022 nus-mcum.
1151 1993 1333 2023 Praeterea
1361 1990 1419 2021 vix
1445 1990 1498 2020 est

414 2040 453 2067 ut
477 2038 660 2071 Rusticum
693 2040 822 2071 diceret
848 2038 981 2078 quando
1010 2039 1148 2076 propter
1170 2038 1333 2070 Formam
1356 2037 1496 2068 laudare

413 2083 633 2117 instituisset:
675 2097 738 2117 nec
765 2090 836 2116 tam
859 2086 1052 2115 Fennosus
1068 2086 1149 2126 fuit
1168 2085 1277 2116 Paris
1302 2086 1495 2115 RUSTlcUs:

413 2129 498 2161 haec
533 2131 621 2161 enim
653 2132 862 2171 aliquatenus
893 2140 929 2161 se
960 2133 1077 2160 mutuo
1110 2131 1244 2161 tollunt.
1290 2131 1400 2171 Satis,
1425 2130 1498 2168 opi-

415 2184 500 2216 nor,
526 2180 620 2215 patet
642 2177 860 2216 depravati03
894 2186 965 2208 non
989 2176 1073 2207 adeo
1096 2177 1204 2208 facilis
1231 2177 1407 2208 medicina.
1454 2177 1500 2206 Et

417 2221 546 2252 dixisse
586 2223 717 2262 quidem
751 2223 861 2263 potuit
898 2225 1090 2253 MATmaus
1121 2225 1254 2254 invisas
1286 2226 1420 2262 pinus:
1463 2224 1501 2252 ut

418 2268 508 2306 apud
532 2269 729 2310 Horatium,
766 2271 855 2301 bella
879 2276 1062 2299 nA'rmBus
1088 2270 1280 2301 detestata:
1313 2272 1347 2300 et
1370 2268 1501 2300 Hanni-

418 2314 475 2344 bal
507 2320 732 2347 PAni-:N‘riaus
767 2317 1013 2346 abominatus:
1055 2317 1089 2345 et
1119 2316 1167 2347 ita
1202 2316 1290 2354 apud
1326 2316 1385 2347 Sil.
1408 2315 1503 2346 ltali-

420 2369 496 2390 cum
523 2362 593 2403 111,
621 2364 678 2394 70.
700 2361 756 2393 ubi
780 2362 869 2393 idem
890 2360 1059 2392 Hannibal
1084 2364 1201 2393 natum
1224 2362 1388 2394 infantem
1416 2363 1502 2393 allo-

419 2405 544 2448 quitur,

975 2454 1123 2493 amplior
1146 2462 1206 2484 oro

513 2495 572 2528 Sis
594 2500 717 2537 patrio
744 2501 885 2539 decore,
919 2505 952 2530 et
968 2502 1088 2543 factis
1114 2501 1182 2530 tibi
1206 2501 1349 2530 nomina
1372 2500 1502 2529 condas

512 2544 617 2583 Queis
645 2553 787 2584 superes
815 2546 962 2576 bellator
997 2555 1126 2577 avum:
1161 2545 1301 2586 jamque
1325 2554 1435 2586 aegra
1462 2546 1504 2578 ti-

637 2594 746 2623 moris

510 2632 625 2665 Roma
643 2641 722 2668 tuos
747 2642 905 2667 numeret
929 2636 1154 2667 lacrimandos
1177 2642 1360 2668 narniens
1385 2643 1504 2666 annos.

425 2676 508 2713 Sed*
531 2678 595 2711 hoc
626 2690 696 2711 non
732 2682 813 2713 satis
844 2682 981 2713 suisset:
1033 2683 1156 2721 quippe
1192 2681 1380 2720 ambiguum
1416 2682 1504 2711 foret

424 2724 537 2754 utrum
555 2726 715 2758 matribus
755 2727 919 2765 Trojanis
941 2737 985 2759 an
1010 2727 1189 2758 Lacaenis
1213 2727 1272 2757 has
1294 2735 1425 2765 puppes
1450 2729 1503 2757 in-

423 2771 524 2801 visas
555 2772 740 2813 designare
769 2773 934 2814 voluerit,
982 2783 1056 2804 cum
1080 2774 1122 2804 ad
1145 2776 1304 2811 utrasque
1327 2781 1371 2802 ex
1393 2781 1501 2811 aequo

423 2816 645 2853 pertinerent.
691 2819 771 2851 Sine
809 2819 910 2850 dubio
937 2818 1095 2858 intelligit
1117 2819 1279 2850 Feminae
1314 2818 1502 2860 Trojanas,

425 2862 545 2898 quibus
577 2863 697 2895 merito
720 2867 855 2896 invisae
879 2867 976 2895 erant
998 2865 1061 2895 hae
1092 2874 1240 2906 puppes,
1284 2865 1401 2902 utpote
1427 2874 1503 2894 mu·-

424 2906 543 2939 h'erem
572 2911 785 2950 peregrinam
815 2911 849 2942 in
882 2911 1097 2950 opprobrium
1122 2911 1270 2950 ipsarum
1295 2910 1503 2952 invecturae,

427 2954 463 2983 et
492 2955 713 2988 frustraturae
751 2967 843 2997 spem
875 2967 971 2996 quam
1004 2958 1096 2996 ipsae
1130 2958 1253 2988 habere
1279 2958 1435 2995 poterant
1462 2957 1503 2988 de

424 3000 636 3033 matrimonio
658 3004 795 3036 formosi
822 3003 874 3034 sui
900 3004 1072 3043 popularis
1092 3004 1244 3041 Paridis3
1292 3005 1326 3034 et
1351 3005 1392 3034 ob
1422 3003 1507 3034 mul-

428 3044 479 3073 tas
502 3047 585 3077 alias
601 3050 760 3081 rationes.
787 3052 898 3081 Paene
918 3052 1028 3081 certus
1053 3059 1125 3080 sum
1148 3050 1291 3081 Statium
1315 3049 1504 3091 scripsisse,

517 3092 590 3123 Nec
613 3095 723 3127 Paris
749 3096 908 3127 Oebalios
934 3098 1016 3127 talis
1042 3099 1185 3128 visurus
1209 3105 1346 3127 amores

521 3136 663 3170 Troasin
686 3144 820 3173 invisas
846 3142 973 3180 dejecit
992 3144 1030 3173 in
1057 3152 1211 3182 aequora
1231 3144 1363 3181 pinus.-

435 3175 589 3234 Sensus,
631 3189 668 3216 ut
699 3188 778 3217 mihi
809 3187 962 3229 videtur,
1001 3188 1064 3220 hoc
1096 3189 1263 3227 postulat;
1305 3198 1369 3219 nec
1405 3186 1506 3218 aliam

436 3229 642 3260 comminisci
679 3235 778 3269 potes
805 3242 924 3264 vocem
957 3242 1042 3273 quae
1074 3244 1136 3274 per
1175 3234 1288 3267 omnia
1319 3236 1385 3267 tam
1419 3235 1506 3265 bene

1551 532 1743 566 conveniat.
1807 534 1948 564 Causam
1989 531 2144 564 immanis
2182 530 2324 574 huiusce
2365 535 2563 568 mutationis
2597 537 2633 566 in

1550 581 1693 612 Praetat.
1722 578 1862 618 aperui:
1906 587 2028 617 nempe
2053 578 2171 611 ultima
2198 582 2326 621 syllaba
2351 584 2387 615 in
2411 583 2533 614 amissa
2559 583 2633 612 erat

1550 627 1588 658 in
1619 627 1844 664 subsequente
1876 626 2033 665 invisas,
2082 626 2120 655 ut
2153 633 2255 665 saepe
2288 627 2335 659 fit.
2400 628 2532 659 Deinde
2567 637 2630 667 pro

1553 679 1651 705 troas
1685 673 1839 702 fecerunt
1871 673 1983 711 ticus,
2029 679 2106 701 cum
2136 670 2226 703 inter
2259 672 2324 703 hoc
2349 674 2384 703 et
2406 674 2491 705 illud
2513 683 2632 714 parum

1553 720 1597 750 sit
1627 717 1838 749 differentiae
1872 717 1907 748 in
1937 717 2065 748 minuto
2090 717 2297 748 charactere.
2340 718 2385 749 Et
2403 719 2473 757 jam
2497 720 2633 751 obvium

1550 766 1624 797 erat
1657 762 1860 803 exscriptori
1894 764 1951 795 vel
1984 763 2104 793 lectori
2132 763 2303 794 eruditulo
2326 763 2450 795 addere
2473 766 2633 806 syllabam

1550 821 1633 851 rus,
1663 811 1701 840 ut
1725 811 1892 849 integram
1915 818 2032 840 vocem
2057 810 2212 841 rusticus
2242 810 2391 847 faceret3
2437 819 2504 848 qua
2523 812 2633 852 pejor,

1552 860 1586 888 et
1609 856 1724 889 sensui
1747 856 1852 896 magis
1881 855 2056 895 opposita,
2082 854 2142 886 vix
2165 855 2313 886 inveniri
2338 854 2458 894 potuit.
2505 857 2634 887 Pariter

1552 907 1587 936 et
1619 904 1655 934 in
1685 902 1803 933 eadem
1835 911 1920 933 voce
1957 902 2178 940 depravatum
2211 901 2323 932 Ovidii
2355 902 2467 932 locum
2491 901 2636 932 feliciter

1551 949 1703 982 restituit
1737 948 1946 989 Salmasius,
1993 949 2079 978 teste
2107 947 2281 979 Gronovio
2305 947 2480 978 Observat-
2502 948 2570 986 m,
2604 948 2638 979 3.

1550 998 1663 1028 Verba
1698 994 1809 1025 Ovidii
1843 995 1944 1035 sunt,
1983 992 2122 1024 Heroid-
2145 993 2249 1035 xm,
2294 993 2370 1025 137.
2416 992 2524 1032 Epist.
2551 993 2638 1024 Lao-

1553 1042 1682 1075 damiae
1708 1040 1909 1080 Protesilao,

1646 1087 1797 1118 Troadas
1821 1086 1977 1117 invideo:
2010 1094 2099 1124 quae
2123 1085 2159 1115 si
2178 1084 2373 1116 lacrimosa
2401 1092 2540 1116 suorum

1691 1133 1835 1164 Funera
1859 1133 2077 1171 conspicient
2095 1132 2160 1161 etc.

1555 1191 1613 1222 ubi
1654 1192 1825 1230 vulgatam
1862 1188 2042 1221 lectionem
2091 1187 2248 1218 Troadas
2280 1187 2414 1218 invideo
2445 1183 2643 1224 σολοικίζειν

1556 1239 1677 1277 probat
1713 1235 1884 1267 Heinsius.
1922 1235 1957 1265 in
1992 1233 2114 1266 Codice
2148 1234 2320 1264 Puteaneo
2354 1234 2427 1276 erat
2450 1232 2561 1263 Troas
2589 1233 2642 1262 in-

1557 1285 1676 1314 video.-
1719 1283 1828 1322 unde,
1872 1281 1921 1324 τῷ
1954 1283 1990 1311 in
2019 1279 2209 1320 geminato,
2248 1278 2431 1310 Salmasius
2456 1277 2645 1316 reponebat

1561 1330 1712 1359 Troasin
1745 1329 1890 1359 invideo.
1951 1325 2043 1357 Nihil
2066 1325 2199 1364 verius,
2241 1328 2300 1356 aut
2321 1324 2427 1363 magis
2452 1322 2646 1363 appositum

1558 1375 1635 1403 hnic
1666 1383 1761 1404 meae
1798 1371 2026 1403 emendationi
2051 1380 2124 1400 esse
2149 1369 2271 1407 potuit.
2324 1370 2474 1400 Troasin
2497 1377 2581 1400 vero
2606 1366 2645 1397 ut

1559 1418 1720 1455 Dryasin
1745 1418 1779 1447 et
1802 1416 2070 1455 Hamadryasin
2094 1415 2183 1452 apud
2208 1415 2362 1453 Propert.
2388 1417 2422 1454 1,
2445 1416 2501 1444 20.
2549 1412 2645 1445 Lem-

1558 1463 1678 1492 niasin
1712 1471 1772 1491 seu
1808 1461 1990 1490 Lemniasi
2022 1457 2117 1488 ovid.
2152 1460 2222 1490 Art.
2258 1462 2366 1489 Amat.
2393 1461 2464 1499 ΙΙΙ,
2486 1460 2566 1490 672.
2601 1465 2648 1488 ex

1559 1506 1795 1536 emendatione
1829 1505 1962 1535 Heinsii
1993 1512 2054 1542 pro
2082 1502 2258 1534 Lemnias.
2317 1503 2402 1534 Vide
2425 1503 2557 1535 locum:
2600 1502 2648 1534 ibi

1559 1552 1648 1582 enim
1675 1552 1773 1589 plura
1795 1550 1963 1588 exempla.
2009 1550 2075 1579 Pro
2100 1551 2240 1580 invisas
2266 1549 2450 1579 nonnullae
2477 1548 2646 1581 editiones

1561 1606 1738 1637 perperam
1762 1596 1886 1628 habent
1909 1595 2051 1626 invitas.

1607 1664 1639 1685 v.
1677 1648 1731 1686 30.
1905 1652 2040 1692 qualem
2078 1659 2142 1681 nec
2172 1649 2265 1680 bella
2299 1651 2507 1689 cAvnsrsn]
2547 1650 2642 1681 Bella

1563 1705 1758 1739 caventem,
1798 1698 1831 1728 id
1866 1700 1917 1729 est
1945 1699 1982 1728 ut
2007 1696 2096 1728 bella
2124 1701 2283 1735 caveret,
2328 1704 2388 1726 seu
2410 1698 2565 1736 vitaret,
2607 1699 2647 1727 ut

1561 1748 1657 1778 recte
1690 1744 1874 1776 Domitius:
1918 1753 1981 1774 nec
2016 1742 2202 1774 audiendus
2235 1741 2414 1772 Gevartius
2440 1741 2497 1780 qui
2522 1751 2647 1773 canen-

1563 1798 1629 1823 tem
1651 1791 1743 1830 legit.
1790 1792 1917 1822 Sensus
1941 1790 2011 1820 est:
2054 1797 2124 1819 non
2149 1790 2217 1818 tam
2242 1789 2408 1818 formosus
2437 1789 2513 1819 erat
2532 1787 2647 1819 Achil-

1562 1839 1635 1878 les,
1681 1845 1778 1876 quem
1814 1837 1921 1866 mater
1954 1835 2044 1865 inter
2073 1833 2223 1872 virgines
2253 1832 2456 1875 occultavit,
2496 1834 2534 1863 ut
2559 1833 2649 1864 bella

1567 1886 1720 1922 vitarem
1761 1891 1851 1922 non,
1892 1883 1929 1911 ut
1952 1881 2042 1912 bella
2068 1885 2220 1910 caneret.
2249 1889 2375 1911 cavere
2398 1879 2434 1910 in
2457 1878 2521 1910 hoe
2546 1888 2648 1910 sensu

1567 1929 1676 1962 Statio
1703 1927 1887 1960 familiare:
1915 1927 2017 1958 Theb.
2043 1928 2108 1966 VI,
2134 1926 2211 1956 769.

2101 1971 2170 2002 Sed
2186 1971 2354 2011 providus
2375 1974 2458 2001 astu

1658 2019 1709 2051 Et
1727 2021 1854 2058 patria
1875 2018 1962 2060 vigil
1981 2021 2062 2049 arte
2083 2016 2205 2048 Lacon
2227 2016 2290 2048 hos
2313 2015 2434 2055 rejicit
2453 2017 2560 2053 ictus,

1658 2066 1735 2097 Hos
1763 2066 1879 2097 cavet:

1566 2112 1648 2145 ibid.
1673 2114 1751 2144 780.

1936 2154 2040 2185 Illum
2062 2154 2177 2195 rigida
2199 2162 2305 2185 arma
2327 2157 2503 2187 caventem

1658 2203 1815 2235 Avocat:

1568 2249 1693 2282 iterum
1719 2259 1752 2281 v.
1782 2248 1861 2280 792.

1938 2297 2032 2324 motu
2057 2293 2259 2333 Spartanus
2283 2302 2389 2328 acuto

1662 2338 1760 2370 Mille
1784 2339 1881 2370 cavet
1905 2339 2027 2380 lapsas
2054 2343 2189 2371 circum
2211 2351 2303 2373 cava
2323 2349 2480 2381 tempora
2502 2343 2626 2371 mortes
2639 2352 2649 2372 .-

1570 2385 1594 2416 i.
1623 2394 1651 2415 e.
1678 2387 1777 2416 vilat-
1823 2387 1948 2415 Verum
1977 2386 2112 2423 quidem
2150 2388 2201 2417 est
2231 2389 2319 2426 quod
2355 2388 2437 2419 dicit
2461 2384 2652 2425 Gevartius,

1571 2431 1734 2462 Achillem
1757 2431 1921 2462 musicum
1947 2431 2049 2462 fuisse
2074 2434 2108 2462 et
2137 2431 2272 2464 solitum
2298 2442 2371 2465 esse
2402 2431 2491 2464 bella
2515 2439 2653 2467 canere,

1572 2487 1592 2508 a
1628 2478 1774 2509 Chirone
1807 2479 2031 2516 Praeceptore
2065 2478 2238 2510 edoctum:
2279 2479 2336 2509 sed
2372 2479 2435 2510 hoc
2466 2487 2538 2509 non
2570 2476 2652 2507 satis

1573 2524 1644 2561 est;
1685 2523 1868 2562 requiritur
1893 2523 1983 2554 enim
2014 2525 2132 2555 Causa
2154 2525 2292 2562 propter
2315 2535 2413 2563 quam
2439 2525 2551 2554 Mater
2575 2531 2653 2553 cum

1573 2570 1771 2601 occultavit:
1814 2569 1897 2599 haec
1929 2578 2012 2600 vero
2037 2578 2108 2601 non
2132 2569 2193 2599 suit
2215 2571 2253 2600 ut
2276 2572 2365 2601 bella
2388 2574 2553 2609 caneret,
2593 2567 2654 2599 sed

1575 2621 1718 2647 caveret
1747 2624 1807 2646 seu
1842 2614 1984 2645 vitaret:
2022 2616 2057 2645 et
2091 2615 2140 2646 ita
2172 2618 2370 2654 praeferunt
2401 2613 2653 2653 antiquissimae

1573 2661 1748 2693 Editiones
1790 2660 1982 2692 Parmensis
2027 2663 2062 2691 et
2094 2661 2254 2692 Romana.
2323 2661 2516 2694 Gronovius
2548 2659 2654 2690 edidit

1575 2712 1774 2739 caventem:
1825 2706 1860 2736 in
1893 2705 2027 2738 Erratis
2061 2707 2172 2737 tamen
2201 2709 2320 2747 reponi
2352 2709 2426 2739 vult
2466 2711 2653 2738 canentem.

1618 2765 1667 2803 [v.
1692 2765 1746 2795 33.
1794 2764 1978 2803 deprendit
2006 2764 2145 2803 lancea]
2181 2767 2301 2797 venet.
2334 2765 2483 2804 trajecit
2507 2765 2655 2799 &nucea-

1572 2810 1716 2841 alterum
1741 2810 1848 2840 multo
1875 2809 2074 2848 elegantius.
2096 2811 2153 2840 Ex
2175 2812 2285 2851 Anu]

1617 2869 1712 2907 Mox,
1725 2875 1758 2897 v.
1770 2867 1824 2898 34.
1847 2867 1969 2904 Qualis
1986 2874 2083 2897 ERAT
2091 2869 2222 2906 procul
2233 2869 2300 2900 heu
2322 2869 2453 2899 cunctis
2467 2867 2656 2906 puerisque

1572 2915 1727 2953 virisque
1759 2910 1969 2944 Pulchrior!
2014 2913 2226 2955 Parmensis,
2282 2915 2379 2945 Talis
2413 2919 2506 2945 mus
2529 2909 2658 2951 procul

1573 2958 1653 2990 En:
1677 2960 1847 2999 Romana,
1874 2959 1997 2997 Qualis
2019 2965 2112 2990 ERAS
2133 2962 2265 3000 procul
2283 2962 2360 2992 lieu.
2384 2962 2418 2990 et
2443 2958 2505 2988 hoc
2524 2964 2654 2995 verum,

1572 3012 1666 3036 snas
1690 3014 1759 3036 non
1784 3013 1902 3036 ERAT:
1930 3013 2072 3043 puerum
2094 3007 2184 3037 enim
2203 3007 2272 3045 jam
2292 3003 2484 3044 alloquitur,
2506 3002 2545 3031 ut
2563 3009 2654 3040 mox,

1573 3051 1651 3082 Non
1686 3059 1763 3083 'run
1789 3053 1980 3094 femineum
2011 3052 2109 3082 vultu
2137 3054 2251 3084 decus.
2301 3049 2454 3083 Notanda
2478 3055 2562 3078 vero
2587 3055 2656 3078 vox

1567 3098 1708 3139 procul,
1736 3107 1821 3137 quae
1846 3107 1918 3128 cum
1941 3098 2177 3136 comparativo
2201 3097 2364 3137 significat
2385 3095 2503 3134 longe:
2531 3092 2659 3132 procul

1573 3143 1685 3174 Etiam
1709 3143 1782 3174 sine
1805 3143 2041 3183 comparativo
2069 3143 2103 3174 in
2131 3145 2283 3176 Surrent.
2308 3140 2406 3173 Pollii
2431 3147 2462 3169 v.
2490 3139 2545 3170 83.

1665 3189 1757 3220 Ante
1793 3195 1908 3220 tamen
1935 3194 2080 3220 cunctas
2104 3190 2222 3228 procul
2244 3189 2367 3220 eminet
2392 3193 2466 3216 una
2490 3184 2630 3214 diaetas
2644 3197 2655 3216 ,-

1570 3235 1755 3274 pulchrior
1770 3244 1832 3275 pro
1852 3236 1950 3276 longe
1964 3234 2158 3275 pulchrior.
2175 3234 2224 3267 ita
2242 3240 2344 3274 supra
2356 3242 2387 3266 v.
2405 3234 2525 3264 &arte
2543 3233 2659 3261 tamen
