2892 3840
946 396 1424 437 stLVARum
1491 382 1655 432 [ΛΒ.
1723 383 1761 430 1.
2420 388 2517 435 11.

238 521 510 585 Egregium
540 520 726 567 mirata
759 516 910 565 decus
924 549 939 574 ,
973 516 1054 563 cui
1084 514 1243 576 gloria
1271 519 1474 576 patrum

236 612 306 660 Et
333 610 543 674 ¹generis
580 607 802 656 certabat
836 606 1022 664 honos,
1057 602 1234 652 tellure
1266 599 1530 649 cadentem

235 703 460 766 Excepi,
497 701 703 764 fovique
719 700 872 757 -sinu3
902 712 996 744 nec
1025 693 1151 743 colla
1185 705 1435 755 genasque
2386 691 2483 737 110

2 848 16 858 q
237 787 475 845 Comere,
511 804 605 837 nec
637 790 812 854 pingui
847 787 1035 834 crinem
1071 785 1318 834 deducere
1354 797 1555 831 amomo

0 890 27 922 4
237 877 471 927 Cessavit
503 894 645 938 mea,
679 886 823 936 nate,
858 891 1061 924 manus:
1097 876 1223 923 mihi
1257 873 1415 921 dulcis
1455 875 1622 934 imago

7 945 32 963 M*
235 969 484 1017 Prosiluit.
556 968 718 1015 celsae
747 967 919 1031 procul
949 967 1116 1029 aspice
1147 965 1327 1012 frontis
1360 963 1594 1019 honores,

236 1058 631 1119 suggestumque
664 1070 857 1115 comae3
892 1056 1090 1113 Latias,
1120 1055 1328 1110 metire,
1364 1053 1486 1115 quid
1518 1054 1650 1099 ultra

234 1149 472 1196 Emincat
500 1153 713 1194 matres:
751 1154 995 1209 quantum
1027 1145 1244 1193 Latonia
1275 1142 1528 1206 nymphas
2388 1144 2484 1188 115

235 1237 386 1298 Virgo
413 1237 625 1301 premit,
660 1244 998 1301 quantumque
1031 1240 1231 1297 egomet
1258 1230 1503 1281 Nereidas
1535 1238 1672 1277 exto.

234 1325 373 1374 Haec
407 1334 458 1373 et
490 1326 731 1374 caeruleis
763 1342 961 1374 mecum
995 1339 1291 1386 consurgere
1327 1322 1480 1384 digna

235 1416 522 1474 Fluctibus,
555 1423 607 1462 et
636 1423 810 1463 nostra
839 1418 1006 1479 potuit
1036 1414 1295 1463 considere
1331 1413 1541 1461 concha:

236 1507 304 1554 Et
336 1508 379 1554 si
405 1507 731 1554 flammiferas
763 1509 1012 1572 potuisset
1041 1506 1281 1555 scandere
1309 1504 1456 1552 sedes

236 1595 439 1660 Hasque
473 1598 662 1643 intrare
699 1596 901 1655 domos,
940 1599 1040 1662 ipsi
1073 1597 1336 1653 erraretis,
1370 1594 1599 1642 Amores·
2394 1591 2492 1638 120

237 1686 367 1736 Huic
400 1689 631 1751 quamvis
662 1703 840 1738 census
878 1689 1107 1737 dederim
1141 1689 1323 1748 largita
1357 1686 1550 1741 beatos,

238 1775 404 1824 Vincit
435 1791 556 1841 opes
595 1779 778 1825 animo.
851 1780 1204 1842 querimrjam
1240 1778 1388 1826 Seras
1425 1789 1606 1826 avaros

237 1866 522 1929 Augustum
557 1869 799 1930 spoliasse
831 1883 1035 1926 nemus,
1073 1867 1445 1930 Clymeneaque
1482 1865 1660 1913 deesse

238 1956 499 2013 Germina,
533 1971 626 2003 nec
655 1958 843 2006 virides
876 1960 997 2005 satis
1032 1959 1382 2018 illachrymare
1412 1968 1632 2003 sorores:

238 2046 435 2093 Vellera
467 2046 675 2094 Sidonio
697 2049 806 2110 jam
834 2064 996 2112 pauca
1021 2049 1284 2096 rubescere
1321 2047 1455 2103 tab0,
2393 2041 2487 2087 125
2568 2088 2573 2090 A

239 2135 467 2199 Raraque
499 2136 757 2197 longaevis
785 2139 989 2187 nivibus
1023 2141 1258 2202 crystalla
1293 2139 1460 2201 gelari.

240 2226 373 2274 Huic
399 2225 672 2285 Hermum,
704 2228 942 2293 fulvoque
978 2230 1173 2294 Tagum
1211 2231 1477 2278 decurrere
1512 2229 1650 2284 limo,

241 2314 366 2380 (Nec
397 2317 519 2362 satis
548 2315 613 2361 ad
644 2317 824 2381 cultus)
859 2319 974 2367 huic
1006 2322 1132 2369 Inda
1162 2322 1371 2369 monilia
1397 2320 1655 2374 Glaucum,

239 2405 543 2468 Proteaque,
569 2412 718 2468 atque
754 2421 955 2456 omnem
990 2409 1208 2457 Nereida
1239 2425 1476 2473 quaerere
1505 2408 1651 2469 jussi.

239 2493 380 2542 Hanc
409 2496 453 2541 si
481 2493 793 2543 Thessalicos
825 2497 1069 2557 vidisses,
1099 2500 1325 2557 Phoebe,
1354 2515 1446 2563 per
1477 2511 1637 2560 agros,
2386 2493 2485 2538 130

239 2586 444 2634 Erraret
472 2586 688 2650 Daphne
722 2603 920 2637 secura:
954 2592 1011 2638 in
1040 2592 1185 2639 litore
1216 2591 1354 2640 Naxi

242 2673 492 2723 Theseum
518 2676 671 2736 juxta
702 2677 834 2725 foret
858 2679 982 2728 haec
1016 2689 1282 2747 conspecta
1317 2680 1494 2738 cubile,

242 2762 465 2811 Gnosida
498 2763 748 2814 desertam
781 2770 1019 2832 profugus
1045 2758 1280 2836 liquisset
1315 2779 1367 2818 et
1398 2771 1559 2820 Evan.

242 2849 388 2909 Quod
415 2852 514 2898 nisi
546 2866 628 2898 me
655 2853 814 2916 longis
846 2859 1093 2921 placasset
1120 2861 1250 2909 Juno
1282 2861 1513 2926 querelis,

238 2943 417 2991 Falsus
441 2943 555 2990 huic
584 2960 775 3008 pennas
807 2957 858 2996 et
891 2966 1074 3001 cornua
1098 2963 1320 3002 sumeret
1350 2954 1553 3001 aethrae
2376 2941 2473 2986 135

240 3031 443 3090 Rector,
477 3034 533 3079 in
561 3034 689 3084 hanc
723 3053 844 3087 vero
876 3041 1137 3091 cecidisset
1168 3043 1397 3109 Juppiter
1430 3055 1566 3089 auro.

329 3234 370 3263 v.
397 3235 472 3266 123.
498 3237 595 3278 Vulg.
620 3244 802 3271 srouAnz.

1566 3297 1672 3345 132
