2892 3840
880 409 1358 452 srnvanun
1424 397 1591 447 Lln.
1655 397 1715 447 Π.

189 530 481 581 Innumeras
512 528 714 581 valeam
748 528 968 594 species,
1006 523 1264 588 cultusque
1296 523 1519 573 locorum

188 621 368 671 Pieriis
402 635 617 687 aequare
644 618 824 668 modis.
888 617 987 666 vix
1013 613 1190 662 ordine
1218 614 1368 675 longo

189 712 438 762 Suffecere
475 712 605 760 oculi
620 745 635 770 ,
666 712 788 769 viX‚
819 708 942 757 dum
975 720 1067 771 per
1096 703 1293 766 singula
1326 703 1496 762 ducor,

189 802 440 860 Suffecere
473 801 670 864 gradus.
741 813 868 864 quae
899 811 1068 845 rerum
1088 795 1276 856 turba!
1311 795 1474 842 locine

189 892 450 955 Ingenium
465 925 479 950 ,
514 906 581 940 an
610 891 802 939 domini
834 889 988 936 mirer
1011 885 1181 951 prius‘.l
1211 885 1336 933 haec
1370 884 1550 932 domus
1586 891 1724 932 ortus

191 981 437 1045 Prospicit
449 1015 464 1039 ,
500 990 553 1027 et
585 979 775 1027 Phoebi
810 986 1039 1023 tenerum
1061 975 1240 1036 jubar;
1272 975 1360 1021 illa
1387 973 1652 1022 cadentem

190 1072 425 1128 Detinet,
460 1077 791 1132 exactamque
821 1071 973 1127 negat
1004 1064 1260 1110 dimittere
1290 1064 1469 1120 lucem,

192 1159 321 1209 Cum
349 1160 466 1221 jam‘
492 1159 628 1206 fessa
661 1157 796 1214 dies,
833 1162 885 1200 et
912 1155 968 1200 in
997 1167 1215 1216 aequora
1244 1153 1432 1200 montis
1469 1147 1612 1215 opaci

190 1247 379 1297 Umbra
408 1247 569 1306 cadit,
604 1247 867 1310 vitreoque
902 1250 1082 1292 natant
1109 1243 1364 1306 praetoria
1393 1248 1564 1305 ponto.

188 1336 329 1387 Haec
358 1337 524 1400 pelagi
555 1337 770 1384 clamore
800 1336 1022 1383 fremunt
1031 1349 1043 1393 ;
1075 1335 1199 1382 haec
1234 1342 1367 1383 tecta
1400 1349 1609 1382 sonoros

190 1429 425 1490 Ignorant
453 1428 655 1486 fluctus,
687 1436 947 1490 terraeque
977 1426 1177 1473 silentia
1206 1427 1413 1473 malunt.

192 1517 286 1564 His
320 1517 450 1565 favit
473 1516 665 1564 Natura
695 1517 840 1564 locis:
874 1516 952 1563 his
987 1518 1147 1575 victa,
1184 1518 1367 1566 colenti

193 1606 383 1665 Cessit,
414 1616 466 1654 et
497 1609 694 1670 ignotos
726 1608 901 1655 docilis
934 1611 1224 1658 mansuevit
1256 1611 1311 1655 in
1343 1623 1477 1657 usus.

191 1697 336 1744 Mons
374 1705 483 1744 erat
511 1697 618 1755 hic,
653 1697 739 1744 ubi
774 1673 926 1761 psana
958 1698 1128 1746 vides:
1165 1699 1289 1746 haec
1318 1700 1475 1746 lustra
1510 1700 1727 1756 fuerunt,

193 1787 331 1847 Quae
363 1803 496 1836 nunc
525 1795 658 1835 tecta
685 1787 839 1835 subis.
907 1787 994 1834 ubi
1027 1803 1159 1835 nunc
1189 1804 1396 1836 nemora
1430 1791 1588 1837 ardua
1619 1790 1796 1844 cernis,

190 1874 287 1924 Hie
315 1892 408 1924 nec
437 1884 571 1924 terra
608 1878 718 1924 fuit.
787 1877 983 1923 domuit
1016 1892 1306 1940 possessor,
1342 1887 1394 1924 et
1421 1880 1564 1926 illum

190 1965 516 2014 Formantem
547 1981 725 2030 rupes,
758 1973 1230 2030 expugnantemque
1261 1975 1432 2015 secuta

194 2055 391 2103 Gaudet
419 2056 613 2103 humus.
684 2069 815 2101 nunc
842 2070 987 2102 cerne
1019 2057 1198 2118 Jugum
1235 2058 1481 2106 discentia
1511 2073 1655 2116 saxa,

192 2145 536 2209 Intrantesque
568 2147 770 2202 domos,
791 2146 1087 2210 jussumque
1117 2148 1352 2195 recedere
1384 2157 1622 2197 montem.
1695 2155 1703 2160 “

194 2232 308 2282 Jam
336 2234 679 2295 Methymnaei
700 2237 834 2284 vatis
863 2251 1042 2284 manus
1055 2272 1069 2296 ,
1097 2247 1150 2285 et
1184 2239 1353 2301 chelys
1388 2255 1489 2288 una

195 2324 440 2382 Thebais,
477 2333 528 2372 et
562 2325 722 2372 Getici
755 2325 900 2372 cedat
922 2327 1015 2373 tibi
1050 2328 1206 2388 gloria
1239 2330 1428 2392 plectri.
1499 2350 1503 2353 ·

194 2415 263 2462 Et
293 2422 348 2461 tu
384 2430 514 2462 saxa
540 2430 742 2472 moves,
781 2422 832 2461 et
860 2422 909 2461 te
932 2431 1141 2465 nemora
1174 2419 1277 2466 alta
1310 2427 1595 2483 sequuntur.

199 2504 331 2563 Quid
354 2505 573 2552 referam
608 2513 807 2553 veteres
837 2520 1075 2570 ceraeque
1107 2509 1335 2572 aerisque
1368 2509 1579 2571 figuras?

202 2594 258 2642 Si
289 2594 410 2657 quid
436 2593 631 2658 Apellei
663 2594 883 2655 gaudent
911 2597 1161 2644 animasse
1193 2599 1404 2658 colores3

203 2685 258 2732 Si
289 2684 408 2747 quid
438 2685 599 2732 adhuc
624 2700 785 2734 vacua
813 2694 984 2734 tamen
1014 2688 1307 2736 admirabile
1342 2690 1460 2738 Pisa

201 2771 466 2820 Phidiacae
500 2788 668 2820 rasere
697 2790 901 2823 manus:
936 2778 1070 2840 quod
1106 2779 1169 2826 ab
1205 2788 1313 2827 arte
1347 2780 1592 2841 Myronis,

204 2864 309 2911 Aut
329 2862 611 2923 Polycleteo
637 2864 836 2924 jussum
870 2873 947 2912 est
971 2869 1106 2930 quod
1138 2872 1313 2919 vivere
1348 2871 1501 2927 caelo,

204 2953 433 3015 Aeraque
465 2952 526 2999 ab
552 2951 830 2999 Isthmiacis
865 2968 986 3000 auro
1025 2960 1223 3020 potiora
1251 2960 1461 3016 favillis;

208 3042 310 3090 Ora
341 3042 550 3099 ducum,
584 3049 636 3088 et
664 3049 839 3091 vatum
854 3075 868 3099 ,
900 3045 1281 3111 sapientumque
1312 3063 1400 3094 ora
1427 3047 1666 3110 priorum,

301 3242 340 3271 v.
362 3242 419 3272 46.
443 3241 540 3280 Vulg.
567 3242 721 3271 Asmclr.
770 3242 840 3278 [52.
866 3242 952 3278 H1s;
977 3240 1023 3272 ita
1047 3241 1266 3272 Marklandus
1290 3243 1408 3280 reponi
1433 3243 1551 3280 iussin
1581 3246 1683 3275 antea
1708 3251 1778 3274 mc.
1804 3250 1868 3273 ει).
1896 3244 1977 3281 mal

2368 393 2434 442 45

2376 1330 2440 1374 50

2373 2232 2439 2275 60

2377 2681 2407 2724 6
2414 2682 2439 2724 5
